<?xml version="1.0" encoding="UTF-8"?>
<collection xmlns="info:lc/xmlns/marcxchange-v2" xmlns:xsi="http://www.w3.org/2001/XMLSchema-instance" xsi:schemaLocation="info:lc/xmlns/marcxchange-v2 http://www.loc.gov/standards/iso25577/marcxchange-2-0.xsd">
  <record format="MARC21" type="Bibliographic">
    <leader>00000nhm  2200000|| 450 </leader>
    <controlfield tag="001">1159850</controlfield>
    <controlfield tag="003">DE-101</controlfield>
    <controlfield tag="005">20151026233042.0</controlfield>
    <controlfield tag="007">tu ||||||||||||||||||||</controlfield>
    <controlfield tag="008">141201s2015||||gw |||||</controlfield>
    <datafield tag="015" ind1=" " ind2=" ">
      <subfield code="a">15,A45</subfield>
      <subfield code="z">14,N50</subfield>
      <subfield code="2">dnb</subfield>
    </datafield>
    <datafield tag="016" ind1="7" ind2=" ">
      <subfield code="2">DE-101</subfield>
      <subfield code="a">1062935594</subfield>
    </datafield>
    <datafield tag="020" ind1=" " ind2=" ">
      <subfield code="a">9783957982483</subfield>
      <subfield code="c">kart. : EUR 24.99 (DE), EUR 25.70 (AT), sfr 35.50 (freier Pr.)</subfield>
      <subfield code="9">978-3-95798-248-3</subfield>
    </datafield>
    <datafield tag="024" ind1="3" ind2=" ">
      <subfield code="a">9783957982483</subfield>
    </datafield>
    <datafield tag="035" ind1=" " ind2=" ">
      <subfield code="a">(DE-599)DNB1062935594</subfield>
    </datafield>
    <datafield tag="035" ind1=" " ind2=" ">
      <subfield code="a">(OCoLC)898076520</subfield>
    </datafield>
    <datafield tag="040" ind1=" " ind2=" ">
      <subfield code="a">1245</subfield>
      <subfield code="b">ger</subfield>
      <subfield code="c">DE-101</subfield>
      <subfield code="d">9999</subfield>
    </datafield>
    <datafield tag="041" ind1=" " ind2=" ">
      <subfield code="a">ger</subfield>
      <subfield code="h">eng</subfield>
    </datafield>
    <datafield tag="044" ind1=" " ind2=" ">
      <subfield code="c">XA-DE-BW</subfield>
    </datafield>
    <datafield tag="087" ind1=" " ind2=" ">
      <subfield code="a">GAM 30</subfield>
    </datafield>
    <datafield tag="090" ind1=" " ind2=" ">
      <subfield code="a">b</subfield>
    </datafield>
    <datafield tag="245" ind1="1" ind2="0">
      <subfield code="a">So zeichnet man Superhelden</subfield>
      <subfield code="c">Stan Lee. [Koautoren: Danny Fingeroth ... Betr. Künstler: David Enebral ... Übers.: Jan Dinter. Chefred.: Jo Löffler]</subfield>
    </datafield>
    <datafield tag="246" ind1="3" ind2=" ">
      <subfield code="a">How to draw Superheroes &lt;dt.></subfield>
    </datafield>
    <datafield tag="250" ind1=" " ind2=" ">
      <subfield code="a">1. Aufl.</subfield>
    </datafield>
    <datafield tag="264" ind1=" " ind2="1">
      <subfield code="a">Stuttgart</subfield>
      <subfield code="b">Panini</subfield>
      <subfield code="c">2015</subfield>
    </datafield>
    <datafield tag="300" ind1=" " ind2=" ">
      <subfield code="a">224 S.</subfield>
      <subfield code="b">zahlr. Ill.</subfield>
      <subfield code="c">27 cm</subfield>
    </datafield>
    <datafield tag="490" ind1="0" ind2=" ">
      <subfield code="a">Panini books</subfield>
    </datafield>
    <datafield tag="655" ind1=" " ind2="7">
      <subfield code="0">(DE-588)4142527-3</subfield>
      <subfield code="0">(DE-101)041425278</subfield>
      <subfield code="a">Anleitung</subfield>
      <subfield code="2">gnd-content</subfield>
    </datafield>
    <datafield tag="700" ind1="1" ind2=" ">
      <subfield code="0">(DE-588)124784755</subfield>
      <subfield code="0">(DE-101)124784755</subfield>
      <subfield code="a">Lee, Stan</subfield>
      <subfield code="d">1922-</subfield>
      <subfield code="4">ctb</subfield>
    </datafield>
    <datafield tag="700" ind1="1" ind2=" ">
      <subfield code="0">(DE-588)1072523450</subfield>
      <subfield code="0">(DE-101)1072523450</subfield>
      <subfield code="a">Enebral, David</subfield>
      <subfield code="4">ctb</subfield>
    </datafield>
    <datafield tag="730" ind1="0" ind2=" ">
      <subfield code="a">Stan Lee's How to draw Superheroes</subfield>
      <subfield code="g">dt.</subfield>
    </datafield>
    <datafield tag="852" ind1=" " ind2=" ">
      <subfield code="c">Gam 3.0 *Cartoon/Comic* So zeichnet man Superhelden</subfield>
    </datafield>
    <datafield tag="856" ind1="4" ind2="2">
      <subfield code="m">B:DE-101</subfield>
      <subfield code="q">application/pdf</subfield>
      <subfield code="u">http://d-nb.info/1062935594/04</subfield>
      <subfield code="3">Inhaltsverzeichnis</subfield>
    </datafield>
    <datafield tag="992" ind1=" " ind2=" ">
      <subfield code="1">*Cartoon/Comic* </subfield>
      <subfield code="2">Gam</subfield>
      <subfield code="3">3.0</subfield>
      <subfield code="5">So zeichnet man </subfield>
    </datafield>
    <datafield tag="997" ind1=" " ind2=" ">
      <subfield code="a">1062935594</subfield>
    </datafield>
  </record>