
  <record format="MARC21" type="Bibliographic">
    <leader>00000nhm  2200000|| 450 </leader>
    <controlfield tag="001">1159855</controlfield>
    <controlfield tag="003">DE-101</controlfield>
    <controlfield tag="005">20150727233035.0</controlfield>
    <controlfield tag="007">tu ||||||||||||||||||||</controlfield>
    <controlfield tag="008">150408s2015||||gw |||||</controlfield>
    <datafield tag="015" ind1=" " ind2=" ">
      <subfield code="a">15,A32</subfield>
      <subfield code="z">15,N16</subfield>
      <subfield code="2">dnb</subfield>
    </datafield>
    <datafield tag="016" ind1="7" ind2=" ">
      <subfield code="2">DE-101</subfield>
      <subfield code="a">1069338362</subfield>
    </datafield>
    <datafield tag="020" ind1=" " ind2=" ">
      <subfield code="a">9783864421174</subfield>
      <subfield code="c">Pp. : EUR 68.00 (DE), EUR 70.00 (AT), sfr 89.00 (freier Pr.)</subfield>
      <subfield code="9">978-3-86442-117-4</subfield>
    </datafield>
    <datafield tag="024" ind1="3" ind2=" ">
      <subfield code="a">9783864421174</subfield>
    </datafield>
    <datafield tag="040" ind1=" " ind2=" ">
      <subfield code="a">1145</subfield>
      <subfield code="b">ger</subfield>
      <subfield code="c">DE-101</subfield>
      <subfield code="d">9999</subfield>
      <subfield code="e">rakwb</subfield>
    </datafield>
    <datafield tag="041" ind1=" " ind2=" ">
      <subfield code="a">ger</subfield>
      <subfield code="a">eng</subfield>
    </datafield>
    <datafield tag="044" ind1=" " ind2=" ">
      <subfield code="c">XA-DE-NW</subfield>
    </datafield>
    <datafield tag="087" ind1=" " ind2=" ">
      <subfield code="a">GU / Picasso, Pablo</subfield>
    </datafield>
    <datafield tag="090" ind1=" " ind2=" ">
      <subfield code="a">b</subfield>
    </datafield>
    <datafield tag="245" ind1="1" ind2="0">
      <subfield code="a">Picasso in der Kunst der Gegenwart</subfield>
      <subfield code="b">[Dia Al-Azzawi ... ; anlässlich der Ausstellung Picasso in der Kunst der Gegenwart in der Halle für Aktuelle Kunst der Deichtorhallen Hamburg vom 1. April bis 12. Juli 2015] = Picasso in contemporary art</subfield>
      <subfield code="c">Hg. Dirk Luckow. Deichtorhallen Hamburg. [Übers. Kevin Cook ...]</subfield>
    </datafield>
    <datafield tag="260" ind1="3" ind2=" ">
      <subfield code="a">Köln</subfield>
      <subfield code="b">Snoeck</subfield>
      <subfield code="c">2015</subfield>
    </datafield>
    <datafield tag="300" ind1=" " ind2=" ">
      <subfield code="a">407 S.</subfield>
      <subfield code="b">zahlr. Ill.</subfield>
      <subfield code="c">31 cm</subfield>
    </datafield>
    <datafield tag="500" ind1=" " ind2=" ">
      <subfield code="a">Text dt. und engl.</subfield>
    </datafield>
    <datafield tag="600" ind1="1" ind2="7">
      <subfield code="0">(DE-588)118594206</subfield>
      <subfield code="0">(DE-101)118594206</subfield>
      <subfield code="a">Picasso, Pablo</subfield>
      <subfield code="d">1881-1973</subfield>
      <subfield code="2">gnd</subfield>
    </datafield>
    <datafield tag="648" ind1=" " ind2="7">
      <subfield code="a">Geschichte 1930-2015</subfield>
      <subfield code="2">gnd</subfield>
    </datafield>
    <datafield tag="650" ind1=" " ind2="7">
      <subfield code="0">(DE-588)4049716-1</subfield>
      <subfield code="0">(DE-101)04049716X</subfield>
      <subfield code="a">Rezeption</subfield>
      <subfield code="2">gnd</subfield>
    </datafield>
    <datafield tag="651" ind1=" " ind2="4">
      <subfield code="a">Hamburg &lt;2015></subfield>
    </datafield>
    <datafield tag="655" ind1=" " ind2="7">
      <subfield code="a">Ausstellung</subfield>
      <subfield code="z">Hamburg &lt;2015></subfield>
      <subfield code="2">gnd</subfield>
    </datafield>
    <datafield tag="689" ind1="0" ind2="0">
      <subfield code="0">(DE-588)118594206</subfield>
      <subfield code="0">(DE-101)118594206</subfield>
      <subfield code="D">p</subfield>
      <subfield code="a">Picasso, Pablo</subfield>
      <subfield code="d">1881-1973</subfield>
    </datafield>
    <datafield tag="689" ind1="0" ind2="1">
      <subfield code="0">(DE-588)4049716-1</subfield>
      <subfield code="0">(DE-101)04049716X</subfield>
      <subfield code="D">s</subfield>
      <subfield code="a">Rezeption</subfield>
    </datafield>
    <datafield tag="689" ind1="0" ind2="2">
      <subfield code="A">z</subfield>
      <subfield code="a">Geschichte 1930-2015</subfield>
    </datafield>
    <datafield tag="689" ind1="0" ind2="3">
      <subfield code="A">f</subfield>
      <subfield code="a">Ausstellung</subfield>
    </datafield>
    <datafield tag="689" ind1="0" ind2="4">
      <subfield code="A">g</subfield>
      <subfield code="a">Hamburg &lt;2015></subfield>
    </datafield>
    <datafield tag="689" ind1="0" ind2=" ">
      <subfield code="5">DE-101</subfield>
      <subfield code="5">DE-101</subfield>
    </datafield>
    <datafield tag="700" ind1="1" ind2=" ">
      <subfield code="0">(DE-588)12182666X</subfield>
      <subfield code="0">(DE-101)12182666X</subfield>
      <subfield code="a">Luckow, Dirk</subfield>
      <subfield code="d">1958-</subfield>
      <subfield code="4">edt</subfield>
      <subfield code="e">Hrsg.</subfield>
    </datafield>
    <datafield tag="700" ind1="1" ind2=" ">
      <subfield code="0">(DE-588)118594206</subfield>
      <subfield code="0">(DE-101)118594206</subfield>
      <subfield code="a">Picasso, Pablo</subfield>
      <subfield code="d">1881-1973</subfield>
      <subfield code="4">ill</subfield>
      <subfield code="e">Ill.</subfield>
    </datafield>
    <datafield tag="700" ind1="1" ind2=" ">
      <subfield code="0">(DE-588)108416712</subfield>
      <subfield code="0">(DE-101)108416712</subfield>
      <subfield code="a">Fitzgerald, Michael</subfield>
      <subfield code="4">ctb</subfield>
    </datafield>
    <datafield tag="700" ind1="1" ind2=" ">
      <subfield code="0">(DE-588)1074018540</subfield>
      <subfield code="0">(DE-101)1074018540</subfield>
      <subfield code="a">Fleckner, Uwe</subfield>
      <subfield code="4">ctb</subfield>
    </datafield>
    <datafield tag="700" ind1="1" ind2=" ">
      <subfield code="0">(DE-588)179742647</subfield>
      <subfield code="0">(DE-101)179742647</subfield>
      <subfield code="a">Loreck, Hanne</subfield>
      <subfield code="4">ctb</subfield>
    </datafield>
    <datafield tag="700" ind1="1" ind2=" ">
      <subfield code="0">(DE-588)1074402588</subfield>
      <subfield code="0">(DE-101)1074402588</subfield>
      <subfield code="a">Luckow, Dirk</subfield>
      <subfield code="4">ctb</subfield>
    </datafield>
    <datafield tag="700" ind1="1" ind2=" ">
      <subfield code="0">(DE-588)120183978</subfield>
      <subfield code="0">(DE-101)120183978</subfield>
      <subfield code="a">Sadowsky, Thorsten</subfield>
      <subfield code="4">ctb</subfield>
    </datafield>
    <datafield tag="700" ind1="1" ind2=" ">
      <subfield code="0">(DE-588)179874918</subfield>
      <subfield code="0">(DE-101)179874918</subfield>
      <subfield code="a">Tyradellis, Daniel</subfield>
      <subfield code="4">ctb</subfield>
    </datafield>
    <datafield tag="710" ind1="2" ind2=" ">
      <subfield code="0">(DE-588)2108460-9</subfield>
      <subfield code="0">(DE-101)007562535</subfield>
      <subfield code="a">Deichtorhallen Hamburg</subfield>
    </datafield>
    <datafield tag="711" ind1="2" ind2=" ">
      <subfield code="0">(DE-588)1069536768</subfield>
      <subfield code="0">(DE-101)1069536768</subfield>
      <subfield code="a">Ausstellung Picasso in der Kunst der Gegenwart</subfield>
      <subfield code="d">2015</subfield>
      <subfield code="c">Hamburg</subfield>
    </datafield>
    <datafield tag="852" ind1=" " ind2=" ">
      <subfield code="c">Gu Picasso, Pablo / Picasso in der Kunst der Gegenwart</subfield>
    </datafield>
    <datafield tag="856" ind1="4" ind2="2">
      <subfield code="m">B:DE-101</subfield>
      <subfield code="q">application/pdf</subfield>
      <subfield code="u">http://d-nb.info/1069338362/04</subfield>
      <subfield code="3">Inhaltsverzeichnis</subfield>
    </datafield>
    <datafield tag="856" ind1="4" ind2="2">
      <subfield code="m">X:MVB</subfield>
      <subfield code="q">text/html</subfield>
      <subfield code="u">http://deposit.d-nb.de/cgi-bin/dokserv?id=5199311&amp;prov=M&amp;dok_var=1&amp;dok_ext=htm</subfield>
      <subfield code="3">Inhaltstext</subfield>
    </datafield>
    <datafield tag="992" ind1=" " ind2=" ">
      <subfield code="2">Gu</subfield>
      <subfield code="4">Picasso, Pablo</subfield>
      <subfield code="5">Picasso in der K</subfield>
    </datafield>
    <datafield tag="997" ind1=" " ind2=" ">
      <subfield code="a">1069338362</subfield>
    </datafield>
  </record>