
  <record format="MARC21" type="Bibliographic">
    <leader>00000nhm  2200000|| 450 </leader>
    <controlfield tag="001">1159858</controlfield>
    <controlfield tag="003">DE-101</controlfield>
    <controlfield tag="005">20151105223130.0</controlfield>
    <controlfield tag="007">tu ||||||||||||||||||||</controlfield>
    <controlfield tag="008">150429s2015||||gw |||||</controlfield>
    <datafield tag="015" ind1=" " ind2=" ">
      <subfield code="a">15,A46</subfield>
      <subfield code="z">15,N19</subfield>
      <subfield code="2">dnb</subfield>
    </datafield>
    <datafield tag="016" ind1="7" ind2=" ">
      <subfield code="2">DE-101</subfield>
      <subfield code="a">1070353752</subfield>
    </datafield>
    <datafield tag="020" ind1=" " ind2=" ">
      <subfield code="a">9783777424675</subfield>
      <subfield code="c">Pp. : EUR 49.90 (DE), EUR 51.30 (AT), sfr 64.30 (freier Pr.)</subfield>
      <subfield code="9">978-3-7774-2467-5</subfield>
    </datafield>
    <datafield tag="020" ind1=" " ind2=" ">
      <subfield code="a">9783777425320 (Museumsausg.)</subfield>
      <subfield code="9">978-3-7774-2532-0</subfield>
    </datafield>
    <datafield tag="020" ind1=" " ind2=" ">
      <subfield code="a">3777424676</subfield>
      <subfield code="9">3-7774-2467-6</subfield>
    </datafield>
    <datafield tag="024" ind1="3" ind2=" ">
      <subfield code="a">9783777424675</subfield>
    </datafield>
    <datafield tag="035" ind1=" " ind2=" ">
      <subfield code="a">(DE-599)DNB1070353752</subfield>
    </datafield>
    <datafield tag="035" ind1=" " ind2=" ">
      <subfield code="a">(OCoLC)908646187</subfield>
    </datafield>
    <datafield tag="040" ind1=" " ind2=" ">
      <subfield code="a">1245</subfield>
      <subfield code="b">ger</subfield>
      <subfield code="c">DE-101</subfield>
      <subfield code="d">9999</subfield>
    </datafield>
    <datafield tag="041" ind1=" " ind2=" ">
      <subfield code="a">ger</subfield>
    </datafield>
    <datafield tag="044" ind1=" " ind2=" ">
      <subfield code="c">XA-DE-BY</subfield>
    </datafield>
    <datafield tag="082" ind1="0" ind2="4">
      <subfield code="8">1\x</subfield>
      <subfield code="a">779.97092</subfield>
      <subfield code="q">DE-101</subfield>
      <subfield code="2">22/ger</subfield>
    </datafield>
    <datafield tag="083" ind1="7" ind2=" ">
      <subfield code="a">770</subfield>
      <subfield code="a">700</subfield>
      <subfield code="q">DE-101</subfield>
      <subfield code="2">23sdnb</subfield>
    </datafield>
    <datafield tag="084" ind1=" " ind2=" ">
      <subfield code="a">770</subfield>
      <subfield code="a">700</subfield>
      <subfield code="q">DE-101</subfield>
      <subfield code="2">sdnb</subfield>
    </datafield>
    <datafield tag="087" ind1=" " ind2=" ">
      <subfield code="a">GU / Toulouse-Lautrec, Henri de</subfield>
    </datafield>
    <datafield tag="090" ind1=" " ind2=" ">
      <subfield code="a">b</subfield>
    </datafield>
    <datafield tag="245" ind1="1" ind2="0">
      <subfield code="a">Toulouse-Lautrec und die Photographie</subfield>
      <subfield code="b">[anlässlich der Ausstellung "Toulouse-Lautrec und die Photographie", Kunstmuseum Bern, 28. August - 13. Dezember 2015]</subfield>
      <subfield code="c">hrsg. von Rudolf Koella in Zusammenarbeit mit Matthias Frehner unter Mitw. von Isabelle Fehlmann und Simon Oberholzer. Mit Beitr. von Matthias Frehner ... Kunstmuseum Bern</subfield>
    </datafield>
    <datafield tag="264" ind1=" " ind2="1">
      <subfield code="a">München</subfield>
      <subfield code="b">Hirmer</subfield>
      <subfield code="c">2015</subfield>
    </datafield>
    <datafield tag="300" ind1=" " ind2=" ">
      <subfield code="a">280 S.</subfield>
      <subfield code="b">überw. Ill.</subfield>
      <subfield code="c">30 cm</subfield>
    </datafield>
    <datafield tag="500" ind1=" " ind2=" ">
      <subfield code="a">Literaturangaben</subfield>
    </datafield>
    <datafield tag="600" ind1="1" ind2="7">
      <subfield code="0">(DE-588)1078125368</subfield>
      <subfield code="0">(DE-101)1078125368</subfield>
      <subfield code="a">Gauzi, François</subfield>
      <subfield code="d">1862-1933</subfield>
      <subfield code="2">gnd</subfield>
    </datafield>
    <datafield tag="600" ind1="1" ind2="7">
      <subfield code="0">(DE-588)1078130868</subfield>
      <subfield code="0">(DE-101)1078130868</subfield>
      <subfield code="a">Guibert, Maurice</subfield>
      <subfield code="d">1856-1922</subfield>
      <subfield code="2">gnd</subfield>
    </datafield>
    <datafield tag="600" ind1="1" ind2="7">
      <subfield code="0">(DE-588)1036426491</subfield>
      <subfield code="0">(DE-101)1036426491</subfield>
      <subfield code="a">Sescau, Paul</subfield>
      <subfield code="d">1858-1926</subfield>
      <subfield code="2">gnd</subfield>
    </datafield>
    <datafield tag="600" ind1="1" ind2="7">
      <subfield code="0">(DE-588)11862346X</subfield>
      <subfield code="0">(DE-101)11862346X</subfield>
      <subfield code="a">Toulouse-Lautrec, Henri &lt;de></subfield>
      <subfield code="d">1864-1901</subfield>
      <subfield code="2">gnd</subfield>
    </datafield>
    <datafield tag="650" ind1=" " ind2="7">
      <subfield code="0">(DE-588)4046840-9</subfield>
      <subfield code="0">(DE-101)040468402</subfield>
      <subfield code="a">Porträtfotografie</subfield>
      <subfield code="2">gnd</subfield>
    </datafield>
    <datafield tag="655" ind1=" " ind2="7">
      <subfield code="0">(DE-588)4135467-9</subfield>
      <subfield code="0">(DE-101)041354672</subfield>
      <subfield code="a">Ausstellungskatalog</subfield>
      <subfield code="y">2015</subfield>
      <subfield code="z">Bern</subfield>
      <subfield code="2">gnd-content</subfield>
    </datafield>
    <datafield tag="689" ind1="0" ind2="0">
      <subfield code="0">(DE-588)1078125368</subfield>
      <subfield code="0">(DE-101)1078125368</subfield>
      <subfield code="D">p</subfield>
      <subfield code="a">Gauzi, François</subfield>
      <subfield code="d">1862-1933</subfield>
    </datafield>
    <datafield tag="689" ind1="0" ind2="1">
      <subfield code="0">(DE-588)1078130868</subfield>
      <subfield code="0">(DE-101)1078130868</subfield>
      <subfield code="D">p</subfield>
      <subfield code="a">Guibert, Maurice</subfield>
      <subfield code="d">1856-1922</subfield>
    </datafield>
    <datafield tag="689" ind1="0" ind2="2">
      <subfield code="0">(DE-588)1036426491</subfield>
      <subfield code="0">(DE-101)1036426491</subfield>
      <subfield code="D">p</subfield>
      <subfield code="a">Sescau, Paul</subfield>
      <subfield code="d">1858-1926</subfield>
    </datafield>
    <datafield tag="689" ind1="0" ind2="3">
      <subfield code="0">(DE-588)4046840-9</subfield>
      <subfield code="0">(DE-101)040468402</subfield>
      <subfield code="D">s</subfield>
      <subfield code="a">Porträtfotografie</subfield>
    </datafield>
    <datafield tag="689" ind1="0" ind2="4">
      <subfield code="0">(DE-588)11862346X</subfield>
      <subfield code="0">(DE-101)11862346X</subfield>
      <subfield code="D">p</subfield>
      <subfield code="a">Toulouse-Lautrec, Henri &lt;de></subfield>
      <subfield code="d">1864-1901</subfield>
    </datafield>
    <datafield tag="689" ind1="0" ind2=" ">
      <subfield code="5">DE-101</subfield>
      <subfield code="5">DE-101</subfield>
    </datafield>
    <datafield tag="689" ind1="1" ind2="0">
      <subfield code="0">(DE-588)11862346X</subfield>
      <subfield code="0">(DE-101)11862346X</subfield>
      <subfield code="D">p</subfield>
      <subfield code="a">Toulouse-Lautrec, Henri &lt;de></subfield>
      <subfield code="d">1864-1901</subfield>
    </datafield>
    <datafield tag="689" ind1="1" ind2=" ">
      <subfield code="5">DE-101</subfield>
      <subfield code="5">DE-101</subfield>
    </datafield>
    <datafield tag="700" ind1="1" ind2=" ">
      <subfield code="0">(DE-588)122764528</subfield>
      <subfield code="0">(DE-101)122764528</subfield>
      <subfield code="a">Frehner, Matthias</subfield>
      <subfield code="d">1955-</subfield>
      <subfield code="4">ctb</subfield>
    </datafield>
    <datafield tag="700" ind1="1" ind2=" ">
      <subfield code="0">(DE-588)107968118</subfield>
      <subfield code="0">(DE-101)107968118</subfield>
      <subfield code="a">Koella, Rudolf</subfield>
      <subfield code="d">1942-</subfield>
      <subfield code="4">edt</subfield>
      <subfield code="e">Hrsg.</subfield>
    </datafield>
    <datafield tag="700" ind1="1" ind2=" ">
      <subfield code="0">(DE-588)11862346X</subfield>
      <subfield code="0">(DE-101)11862346X</subfield>
      <subfield code="a">Toulouse-Lautrec, Henri &lt;de></subfield>
      <subfield code="d">1864-1901</subfield>
      <subfield code="4">ill</subfield>
      <subfield code="e">Ill.</subfield>
    </datafield>
    <datafield tag="710" ind1="2" ind2=" ">
      <subfield code="0">(DE-588)2016799-4</subfield>
      <subfield code="0">(DE-101)00475347X</subfield>
      <subfield code="a">Kunstmuseum Bern</subfield>
    </datafield>
    <datafield tag="710" ind1="2" ind2=" ">
      <subfield code="0">(DE-588)1065427166</subfield>
      <subfield code="0">(DE-101)1065427166</subfield>
      <subfield code="a">Hirmer Verlag</subfield>
      <subfield code="4">pbl</subfield>
    </datafield>
    <datafield tag="711" ind1="2" ind2=" ">
      <subfield code="0">(DE-588)107602839X</subfield>
      <subfield code="0">(DE-101)107602839X</subfield>
      <subfield code="a">Ausstellung Toulouse-Lautrec und die Photographie</subfield>
      <subfield code="d">2015</subfield>
      <subfield code="c">Bern</subfield>
    </datafield>
    <datafield tag="776" ind1="0" ind2="8">
      <subfield code="i">Franz. Ausg. u.d.T.:</subfield>
      <subfield code="t">Toulouse-Lautrec et la photographie</subfield>
      <subfield code="d">Munich : Hirmer, 2015</subfield>
      <subfield code="h">280 S., überw. Ill.</subfield>
      <subfield code="w">(DE-101)1072773716</subfield>
    </datafield>
    <datafield tag="852" ind1=" " ind2=" ">
      <subfield code="c">Gu Toulouse-Lautrec, Henri de / Toulouse-Lautrec und die Photographie</subfield>
    </datafield>
    <datafield tag="856" ind1="4" ind2="2">
      <subfield code="m">B:DE-101</subfield>
      <subfield code="q">application/pdf</subfield>
      <subfield code="u">http://d-nb.info/1070353752/04</subfield>
      <subfield code="3">Inhaltsverzeichnis</subfield>
    </datafield>
    <datafield tag="856" ind1="4" ind2="2">
      <subfield code="m">X:MVB</subfield>
      <subfield code="q">text/html</subfield>
      <subfield code="u">http://deposit.d-nb.de/cgi-bin/dokserv?id=5224864&amp;prov=M&amp;dok_var=1&amp;dok_ext=htm</subfield>
      <subfield code="3">Inhaltstext</subfield>
    </datafield>
    <datafield tag="992" ind1=" " ind2=" ">
      <subfield code="2">Gu</subfield>
      <subfield code="4">Toulouse-Lautrec</subfield>
      <subfield code="5">Toulouse-Lautrec</subfield>
    </datafield>
    <datafield tag="997" ind1=" " ind2=" ">
      <subfield code="a">1070353752</subfield>
    </datafield>
  </record>