
  <record format="MARC21" type="Bibliographic">
    <leader>00000nhm  2200000|| 450 </leader>
    <controlfield tag="001">1159865</controlfield>
    <controlfield tag="003">DE-101</controlfield>
    <controlfield tag="005">20151015223028.0</controlfield>
    <controlfield tag="007">tu ||||||||||||||||||||</controlfield>
    <controlfield tag="008">141202s2015||||gw |||||</controlfield>
    <datafield tag="015" ind1=" " ind2=" ">
      <subfield code="a">15,A43</subfield>
      <subfield code="z">14,N50</subfield>
      <subfield code="2">dnb</subfield>
    </datafield>
    <datafield tag="016" ind1="7" ind2=" ">
      <subfield code="2">DE-101</subfield>
      <subfield code="a">1062994450</subfield>
    </datafield>
    <datafield tag="020" ind1=" " ind2=" ">
      <subfield code="a">9783805348522</subfield>
      <subfield code="c">Pp. : EUR 29.95 (DE), EUR 30.80 (AT), sfr 40.90 (freier Pr.)</subfield>
      <subfield code="9">978-3-8053-4852-2</subfield>
    </datafield>
    <datafield tag="020" ind1=" " ind2=" ">
      <subfield code="a">3805348525</subfield>
      <subfield code="9">3-8053-4852-5</subfield>
    </datafield>
    <datafield tag="024" ind1="3" ind2=" ">
      <subfield code="a">9783805348522</subfield>
    </datafield>
    <datafield tag="035" ind1=" " ind2=" ">
      <subfield code="a">(DE-599)DNB1062994450</subfield>
    </datafield>
    <datafield tag="035" ind1=" " ind2=" ">
      <subfield code="a">(OCoLC)898078161</subfield>
    </datafield>
    <datafield tag="040" ind1=" " ind2=" ">
      <subfield code="a">1245</subfield>
      <subfield code="b">ger</subfield>
      <subfield code="c">DE-101</subfield>
      <subfield code="d">9999</subfield>
    </datafield>
    <datafield tag="041" ind1=" " ind2=" ">
      <subfield code="a">ger</subfield>
      <subfield code="h">ita</subfield>
    </datafield>
    <datafield tag="044" ind1=" " ind2=" ">
      <subfield code="c">XA-DE-HE</subfield>
    </datafield>
    <datafield tag="082" ind1="0" ind2="4">
      <subfield code="8">1\x</subfield>
      <subfield code="a">937.06</subfield>
      <subfield code="q">DE-101</subfield>
      <subfield code="2">22/ger</subfield>
    </datafield>
    <datafield tag="083" ind1="7" ind2=" ">
      <subfield code="a">930</subfield>
      <subfield code="q">DE-101</subfield>
      <subfield code="2">23sdnb</subfield>
    </datafield>
    <datafield tag="084" ind1=" " ind2=" ">
      <subfield code="a">930</subfield>
      <subfield code="q">DE-101</subfield>
      <subfield code="2">sdnb</subfield>
    </datafield>
    <datafield tag="087" ind1=" " ind2=" ">
      <subfield code="a">GCS  / Rom</subfield>
    </datafield>
    <datafield tag="090" ind1=" " ind2=" ">
      <subfield code="a">b</subfield>
    </datafield>
    <datafield tag="100" ind1="1" ind2=" ">
      <subfield code="0">(DE-588)15178261X</subfield>
      <subfield code="0">(DE-101)15178261X</subfield>
      <subfield code="a">Meneghini, Roberto</subfield>
      <subfield code="4">aut</subfield>
    </datafield>
    <datafield tag="245" ind1="1" ind2="0">
      <subfield code="a">&lt;Die> Kaiserforen Roms</subfield>
      <subfield code="c">Roberto Meneghini. Aus dem Ital. von Dagmar Penna Miesel</subfield>
    </datafield>
    <datafield tag="264" ind1=" " ind2="1">
      <subfield code="a">Darmstadt</subfield>
      <subfield code="b">&lt;von> Zabern</subfield>
      <subfield code="c">2015</subfield>
    </datafield>
    <datafield tag="300" ind1=" " ind2=" ">
      <subfield code="a">112 S.</subfield>
      <subfield code="b">Ill., graph. Darst.</subfield>
      <subfield code="c">31 cm</subfield>
    </datafield>
    <datafield tag="500" ind1=" " ind2=" ">
      <subfield code="a">Literaturangaben</subfield>
    </datafield>
    <datafield tag="648" ind1=" " ind2="7">
      <subfield code="a">Geschichte</subfield>
      <subfield code="2">gnd</subfield>
    </datafield>
    <datafield tag="650" ind1=" " ind2="7">
      <subfield code="0">(DE-588)4129464-6</subfield>
      <subfield code="0">(DE-101)041294645</subfield>
      <subfield code="a">Ausgrabung</subfield>
      <subfield code="2">gnd</subfield>
    </datafield>
    <datafield tag="651" ind1=" " ind2="7">
      <subfield code="0">(DE-588)4414982-7</subfield>
      <subfield code="0">(DE-101)947934634</subfield>
      <subfield code="a">Kaiserforen Rom</subfield>
      <subfield code="2">gnd</subfield>
    </datafield>
    <datafield tag="689" ind1="0" ind2="0">
      <subfield code="0">(DE-588)4414982-7</subfield>
      <subfield code="0">(DE-101)947934634</subfield>
      <subfield code="D">g</subfield>
      <subfield code="a">Kaiserforen Rom</subfield>
    </datafield>
    <datafield tag="689" ind1="0" ind2="1">
      <subfield code="A">z</subfield>
      <subfield code="a">Geschichte</subfield>
    </datafield>
    <datafield tag="689" ind1="0" ind2="2">
      <subfield code="0">(DE-588)4129464-6</subfield>
      <subfield code="0">(DE-101)041294645</subfield>
      <subfield code="D">s</subfield>
      <subfield code="a">Ausgrabung</subfield>
    </datafield>
    <datafield tag="689" ind1="0" ind2=" ">
      <subfield code="5">DE-101</subfield>
      <subfield code="5">DE-101</subfield>
    </datafield>
    <datafield tag="710" ind1="2" ind2=" ">
      <subfield code="a">Dagmar Anke Penna-Miesel</subfield>
    </datafield>
    <datafield tag="852" ind1=" " ind2=" ">
      <subfield code="c">Gcs Rom / Meneghini</subfield>
    </datafield>
    <datafield tag="856" ind1="4" ind2="2">
      <subfield code="m">B:DE-101</subfield>
      <subfield code="q">application/pdf</subfield>
      <subfield code="u">http://d-nb.info/1062994450/04</subfield>
      <subfield code="3">Inhaltsverzeichnis</subfield>
    </datafield>
    <datafield tag="856" ind1="4" ind2="2">
      <subfield code="m">X:MVB</subfield>
      <subfield code="q">text/html</subfield>
      <subfield code="u">http://deposit.d-nb.de/cgi-bin/dokserv?id=5029266&amp;prov=M&amp;dok_var=1&amp;dok_ext=htm</subfield>
      <subfield code="3">Inhaltstext</subfield>
    </datafield>
    <datafield tag="992" ind1=" " ind2=" ">
      <subfield code="2">Gcs</subfield>
      <subfield code="4">Rom</subfield>
      <subfield code="5">Meneghini</subfield>
    </datafield>
    <datafield tag="997" ind1=" " ind2=" ">
      <subfield code="a">1062994450</subfield>
    </datafield>
  </record>