
  <record format="MARC21" type="Bibliographic">
    <leader>00000nhm  2200000|| 4001</leader>
    <controlfield tag="001">1159879</controlfield>
    <controlfield tag="007">tu ||||||||||||||||||||</controlfield>
    <controlfield tag="008">151215|1997||||||||||||</controlfield>
    <datafield tag="020" ind1=" " ind2=" ">
      <subfield code="9">3-87519-138-2</subfield>
    </datafield>
    <datafield tag="087" ind1=" " ind2=" ">
      <subfield code="a">HLQ 2  / Sammlung von Biographien</subfield>
    </datafield>
    <datafield tag="245" ind1="1" ind2="0">
      <subfield code="a">Köln liest </subfield>
      <subfield code="b">Prominente lesen aus ihren Lieblingsbüchern. Das Buch mit der CD zur Veranstaltungsreihe der Mayersche Buchhandlung und des Kölner Stadt-Anzeiger in Zusammenarbeit mit WDR Radio 5. Fotografien: Max Gröhnert, ...</subfield>
      <subfield code="c">Martin Oehlen &lt;Hrsg.></subfield>
    </datafield>
    <datafield tag="260" ind1="3" ind2=" ">
      <subfield code="a">Köln</subfield>
      <subfield code="b">Mayersche Buchhandlung</subfield>
      <subfield code="c">1997</subfield>
    </datafield>
    <datafield tag="300" ind1=" " ind2=" ">
      <subfield code="a">64 S. Ill.</subfield>
      <subfield code="e">1 CD</subfield>
    </datafield>
    <datafield tag="500" ind1=" " ind2=" ">
      <subfield code="a">LiK</subfield>
    </datafield>
    <datafield tag="700" ind1="1" ind2=" ">
      <subfield code="a">Oehlen, Martin [Hrsg.]</subfield>
    </datafield>
    <datafield tag="852" ind1=" " ind2=" ">
      <subfield code="c">*LiK* Köln liest Hlq 2 Sammlung von Biographien / 1997</subfield>
    </datafield>
  </record>