
  <record format="MARC21" type="Bibliographic">
    <leader>00000num  2200000|| 4001</leader>
    <controlfield tag="001">1159902</controlfield>
    <controlfield tag="003">DE-380</controlfield>
    <controlfield tag="005">20140719214348.0</controlfield>
    <controlfield tag="007">tu ||||||||||||||||||||</controlfield>
    <controlfield tag="008">120301|2012||||||||||||</controlfield>
    <datafield tag="020" ind1=" " ind2=" ">
      <subfield code="a">9783941287471</subfield>
      <subfield code="c">kart. : EUR 16.95 (DE), EUR 17.50 (AT)</subfield>
      <subfield code="9">978-3-941287-47-1</subfield>
    </datafield>
    <datafield tag="040" ind1=" " ind2=" ">
      <subfield code="a">DE-380</subfield>
    </datafield>
    <datafield tag="041" ind1=" " ind2=" ">
      <subfield code="a">ger</subfield>
    </datafield>
    <datafield tag="090" ind1=" " ind2=" ">
      <subfield code="a">b</subfield>
      <subfield code="f">_</subfield>
      <subfield code="h">_</subfield>
    </datafield>
    <datafield tag="099" ind1="1" ind2=" ">
      <subfield code="a">20120828</subfield>
    </datafield>
    <datafield tag="100" ind1="1" ind2=" ">
      <subfield code="a">Gillies, Constantin</subfield>
    </datafield>
    <datafield tag="245" ind1="0" ind2="0">
      <subfield code="a">&lt;Der> Bug</subfield>
      <subfield code="n">2.</subfield>
    </datafield>
    <datafield tag="250" ind1=" " ind2=" ">
      <subfield code="a">3. Aufl.</subfield>
    </datafield>
    <datafield tag="260" ind1=" " ind2=" ">
      <subfield code="c">2013</subfield>
    </datafield>
    <datafield tag="300" ind1=" " ind2=" ">
      <subfield code="a">296 S.</subfield>
      <subfield code="b">Ill.</subfield>
      <subfield code="c">398 g</subfield>
    </datafield>
    <datafield tag="773" ind1="0" ind2="8">
      <subfield code="w">1159898</subfield>
    </datafield>
    <datafield tag="852" ind1=" " ind2=" ">
      <subfield code="c">Uj Gillies</subfield>
    </datafield>
    <datafield tag="992" ind1=" " ind2=" ">
      <subfield code="2">Uj</subfield>
      <subfield code="5">Gillies</subfield>
    </datafield>
    <datafield tag="996" ind1=" " ind2=" ">
      <subfield code=" ">m     DEz 17  </subfield>
    </datafield>
    <datafield tag="998" ind1=" " ind2=" ">
      <subfield code="w">1024293491</subfield>
    </datafield>
  </record>