
  <record format="MARC21" type="Bibliographic">
    <leader>00000nhm  2200000|| 4001</leader>
    <controlfield tag="001">1159923</controlfield>
    <controlfield tag="003">DE-380</controlfield>
    <controlfield tag="005">20140719233624.0</controlfield>
    <controlfield tag="007">tu ||||||||||||||||||||</controlfield>
    <controlfield tag="008">050331|2005||||gw |||||</controlfield>
    <datafield tag="020" ind1=" " ind2=" ">
      <subfield code="a">978 3 12045300 0</subfield>
      <subfield code="c">: EUR 38.95</subfield>
      <subfield code="9">978 3 12-045300-0</subfield>
    </datafield>
    <datafield tag="040" ind1=" " ind2=" ">
      <subfield code="a">DE-380</subfield>
    </datafield>
    <datafield tag="041" ind1=" " ind2=" ">
      <subfield code="a">ger</subfield>
    </datafield>
    <datafield tag="044" ind1=" " ind2=" ">
      <subfield code="a">gw</subfield>
      <subfield code="c">DE</subfield>
    </datafield>
    <datafield tag="087" ind1=" " ind2=" ">
      <subfield code="a">SG </subfield>
    </datafield>
    <datafield tag="090" ind1=" " ind2=" ">
      <subfield code="h">_</subfield>
    </datafield>
    <datafield tag="245" ind1="0" ind2="0">
      <subfield code="a">Natura - Biologie für Gymnasien / Oberstufe</subfield>
      <subfield code="c">bearb. von Irmtraud Beyer ...</subfield>
    </datafield>
    <datafield tag="250" ind1=" " ind2=" ">
      <subfield code="a">1. Auflage, 13. Druck</subfield>
    </datafield>
    <datafield tag="260" ind1=" " ind2=" ">
      <subfield code="a">Stuttgart [u.a.]</subfield>
      <subfield code="b">Klett</subfield>
      <subfield code="c">2013</subfield>
    </datafield>
    <datafield tag="300" ind1=" " ind2=" ">
      <subfield code="a">480 S.</subfield>
      <subfield code="b">zahlr. Ill., graph. Darst.</subfield>
    </datafield>
    <datafield tag="500" ind1=" " ind2=" ">
      <subfield code="a">SEK II</subfield>
    </datafield>
    <datafield tag="700" ind1="1" ind2=" ">
      <subfield code="a">Beyer, Irmtraud</subfield>
    </datafield>
    <datafield tag="852" ind1=" " ind2=" ">
      <subfield code="c">Sg *Schule-Biologie* Natura Biologie für Gymnasien / Oberstufe</subfield>
    </datafield>
    <datafield tag="992" ind1=" " ind2=" ">
      <subfield code="2">Sg</subfield>
      <subfield code="5">Natura Biologie </subfield>
    </datafield>
    <datafield tag="996" ind1=" " ind2=" ">
      <subfield code=" ">m     DEz 37  </subfield>
    </datafield>
  </record>