
  <record format="MARC21" type="Bibliographic">
    <leader>00000num  2200000|| 4001</leader>
    <controlfield tag="001">1159952ALS521253648</controlfield>
    <controlfield tag="003">DE-101</controlfield>
    <controlfield tag="005">20140719214235.0</controlfield>
    <controlfield tag="007">tu ||||||||||||||||||||</controlfield>
    <controlfield tag="008">071219|||||||||gw |||||</controlfield>
    <datafield tag="016" ind1="7" ind2=" ">
      <subfield code="a">985611049</subfield>
      <subfield code="2">DE-101</subfield>
    </datafield>
    <datafield tag="035" ind1=" " ind2=" ">
      <subfield code="a">T013931260</subfield>
    </datafield>
    <datafield tag="040" ind1=" " ind2=" ">
      <subfield code="a">DE-101</subfield>
    </datafield>
    <datafield tag="041" ind1=" " ind2=" ">
      <subfield code="a">ger</subfield>
    </datafield>
    <datafield tag="044" ind1=" " ind2=" ">
      <subfield code="a">gw</subfield>
      <subfield code="c">DE</subfield>
      <subfield code="a">bw</subfield>
      <subfield code="c">BY</subfield>
    </datafield>
    <datafield tag="087" ind1=" " ind2=" ">
      <subfield code="a">Eds 27</subfield>
    </datafield>
    <datafield tag="090" ind1=" " ind2=" ">
      <subfield code="a">_</subfield>
      <subfield code="g">_</subfield>
      <subfield code="h">h</subfield>
    </datafield>
    <datafield tag="099" ind1="1" ind2=" ">
      <subfield code="a">20100622</subfield>
    </datafield>
    <datafield tag="245" ind1="0" ind2="0">
      <subfield code="a">Fortbildung für Kursleitende, Deutsch als Zweitsprache</subfield>
      <subfield code="c">FIF, Förderung von Integration durch Fortbildung. Hrsg. von: Susan Kaufmann ...</subfield>
      <subfield code="n">Band 2</subfield>
      <subfield code="p">Didaktik, Methodik</subfield>
    </datafield>
    <datafield tag="250" ind1=" " ind2=" ">
      <subfield code="a">3. Auflage</subfield>
    </datafield>
    <datafield tag="260" ind1=" " ind2=" ">
      <subfield code="c">2014</subfield>
    </datafield>
    <datafield tag="300" ind1=" " ind2=" ">
      <subfield code="a">V, 278 S.</subfield>
      <subfield code="b"> ill., graph. Darst.</subfield>
      <subfield code="c">30 cm</subfield>
    </datafield>
    <datafield tag="490" ind1="0" ind2=" ">
      <subfield code="a">Qualifiziert unterrichten</subfield>
    </datafield>
    <datafield tag="500" ind1=" " ind2=" ">
      <subfield code="a">Literaturangaben</subfield>
    </datafield>
    <datafield tag="650" ind1=" " ind2="4">
      <subfield code="a">Deutschunterricht</subfield>
    </datafield>
    <datafield tag="650" ind1=" " ind2="4">
      <subfield code="a">Ausländer</subfield>
    </datafield>
    <datafield tag="650" ind1=" " ind2="4">
      <subfield code="a">Erwachsenenbildung</subfield>
    </datafield>
    <datafield tag="650" ind1=" " ind2="4">
      <subfield code="a">Deutschunterricht</subfield>
    </datafield>
    <datafield tag="650" ind1=" " ind2="4">
      <subfield code="a">Ausländer</subfield>
    </datafield>
    <datafield tag="650" ind1=" " ind2="4">
      <subfield code="a">Erwachsenenbildung</subfield>
    </datafield>
    <datafield tag="655" ind1=" " ind2="4">
      <subfield code="a">Ratgeber</subfield>
    </datafield>
    <datafield tag="655" ind1=" " ind2="4">
      <subfield code="a">Lehrmittel</subfield>
    </datafield>
    <datafield tag="700" ind1="1" ind2=" ">
      <subfield code="a">Kaufmann, Susan &lt;[Hrsg.]&gt;</subfield>
    </datafield>
    <datafield tag="710" ind1="2" ind2=" ">
      <subfield code="a">Förderung von Integration durch Fortbildung &lt;Mainz></subfield>
    </datafield>
    <datafield tag="773" ind1="0" ind2="8">
      <subfield code="w">1159951</subfield>
    </datafield>
    <datafield tag="852" ind1=" " ind2=" ">
      <subfield code="c">Eds 2.7 Fortbildung für Kursleitende, Deutsch als Zweitsprache</subfield>
    </datafield>
    <datafield tag="992" ind1=" " ind2=" ">
      <subfield code="2">Eds</subfield>
      <subfield code="3">2.7</subfield>
      <subfield code="5">Fortbildung für </subfield>
    </datafield>
    <datafield tag="996" ind1=" " ind2=" ">
      <subfield code=" ">n   z XAz 37  </subfield>
    </datafield>
  </record>