
  <record format="MARC21" type="Bibliographic">
    <leader>00000num  2200000|| 4001</leader>
    <controlfield tag="001">1159973</controlfield>
    <controlfield tag="003">DE-380</controlfield>
    <controlfield tag="005">20140719233719.0</controlfield>
    <controlfield tag="007">tu ||||||||||||||||||||</controlfield>
    <controlfield tag="008">131220|2013||||||||||||</controlfield>
    <datafield tag="020" ind1=" " ind2=" ">
      <subfield code="a">9783596730087</subfield>
      <subfield code="c">: EUR 14.99</subfield>
      <subfield code="9">ISBN 978-3-596-73008-7</subfield>
    </datafield>
    <datafield tag="040" ind1=" " ind2=" ">
      <subfield code="a">DE-380</subfield>
    </datafield>
    <datafield tag="041" ind1=" " ind2=" ">
      <subfield code="a">ger</subfield>
    </datafield>
    <datafield tag="090" ind1=" " ind2=" ">
      <subfield code="g">_</subfield>
    </datafield>
    <datafield tag="245" ind1="0" ind2="0">
      <subfield code="a">Theater Theater </subfield>
      <subfield code="n">26.</subfield>
    </datafield>
    <datafield tag="250" ind1=" " ind2=" ">
      <subfield code="a">Orig.-Ausg.</subfield>
    </datafield>
    <datafield tag="260" ind1=" " ind2=" ">
      <subfield code="c">2015</subfield>
    </datafield>
    <datafield tag="300" ind1=" " ind2=" ">
      <subfield code="a">603 S.</subfield>
    </datafield>
    <datafield tag="490" ind1="0" ind2=" ">
      <subfield code="a">Fischer</subfield>
      <subfield code="v">73008</subfield>
    </datafield>
    <datafield tag="773" ind1="0" ind2="8">
      <subfield code="w">476421</subfield>
    </datafield>
    <datafield tag="852" ind1=" " ind2=" ">
      <subfield code="c">Uck Theater Theater</subfield>
    </datafield>
    <datafield tag="856" ind1=" " ind2=" ">
      <subfield code="u">http://d-nb.info/1079732055/04</subfield>
      <subfield code="3">Inhaltsverzeichnis</subfield>
    </datafield>
    <datafield tag="992" ind1=" " ind2=" ">
      <subfield code="2">Uck</subfield>
      <subfield code="5">Theater Theater</subfield>
    </datafield>
    <datafield tag="998" ind1=" " ind2=" ">
      <subfield code="w">476421</subfield>
    </datafield>
  </record>