
  <record format="MARC21" type="Bibliographic">
    <leader>00000num  2200000|| 4001</leader>
    <controlfield tag="001">1159985</controlfield>
    <controlfield tag="003">DE-380</controlfield>
    <controlfield tag="005">20140719233719.0</controlfield>
    <controlfield tag="007">tu ||||||||||||||||||||</controlfield>
    <controlfield tag="008">131220|2013||||||||||||</controlfield>
    <datafield tag="020" ind1=" " ind2=" ">
      <subfield code="a">9783939943372</subfield>
      <subfield code="c">: EUR 39.00</subfield>
      <subfield code="9">ISBN 978-3-939943-37-2</subfield>
    </datafield>
    <datafield tag="040" ind1=" " ind2=" ">
      <subfield code="a">DE-380</subfield>
    </datafield>
    <datafield tag="041" ind1=" " ind2=" ">
      <subfield code="a">ger</subfield>
    </datafield>
    <datafield tag="090" ind1=" " ind2=" ">
      <subfield code="g">_</subfield>
    </datafield>
    <datafield tag="245" ind1="0" ind2="0">
      <subfield code="a">Statistisches Jahrbuch Nordrhein-Westfalen</subfield>
      <subfield code="c">Information und Technik Nordrhein-Westfalen, Geschäftsbereich Statistik</subfield>
      <subfield code="n">Jg. 57.</subfield>
    </datafield>
    <datafield tag="250" ind1=" " ind2=" ">
      <subfield code="a">Red.-Schluss: 23. Oktober 2015</subfield>
    </datafield>
    <datafield tag="260" ind1=" " ind2=" ">
      <subfield code="c">2015</subfield>
    </datafield>
    <datafield tag="300" ind1=" " ind2=" ">
      <subfield code="a">784 S., [1] Faltkt.</subfield>
      <subfield code="b">graph. Darst.</subfield>
    </datafield>
    <datafield tag="500" ind1=" " ind2=" ">
      <subfield code="a">Mit Tabellen</subfield>
    </datafield>
    <datafield tag="710" ind1="2" ind2=" ">
      <subfield code="a">Information und Technik Nordrhein-Westfalen &lt;Düsseldorf></subfield>
    </datafield>
    <datafield tag="773" ind1="0" ind2="8">
      <subfield code="w">14049</subfield>
    </datafield>
    <datafield tag="852" ind1=" " ind2=" ">
      <subfield code="c">Pan 4.44 Nordrhein-Westfalen / Landesamt</subfield>
    </datafield>
    <datafield tag="992" ind1=" " ind2=" ">
      <subfield code="2">Pan</subfield>
      <subfield code="3">4.44</subfield>
      <subfield code="5">Nordrhein-Westfa</subfield>
    </datafield>
    <datafield tag="998" ind1=" " ind2=" ">
      <subfield code="w">501726 ?</subfield>
    </datafield>
  </record>