
  <record format="MARC21" type="Bibliographic">
    <leader>00000num  2200000|| 450 </leader>
    <controlfield tag="001">1159987</controlfield>
    <controlfield tag="003">DE-101</controlfield>
    <controlfield tag="005">20151202164749.0</controlfield>
    <controlfield tag="007">tu ||||||||||||||||||||</controlfield>
    <controlfield tag="008">051216s2016||||gw |||||</controlfield>
    <datafield tag="015" ind1=" " ind2=" ">
      <subfield code="a">15,A50</subfield>
      <subfield code="z">06,N05,0088</subfield>
      <subfield code="2">dnb</subfield>
    </datafield>
    <datafield tag="016" ind1="7" ind2=" ">
      <subfield code="2">DE-101</subfield>
      <subfield code="a">977798232</subfield>
    </datafield>
    <datafield tag="020" ind1=" " ind2=" ">
      <subfield code="a">9783476021083</subfield>
      <subfield code="c">Gewebe : EUR 639.60 (DE), EUR 657.60 (AT), sfr 857.00 (freier Preis)</subfield>
      <subfield code="9">978-3-476-02108-3</subfield>
    </datafield>
    <datafield tag="020" ind1=" " ind2=" ">
      <subfield code="a">9783476021052</subfield>
      <subfield code="c">Gewebe : EUR 99.95, sfr 160.00, EUR 79.95 (Preis bei Abnahme des Gesamtwerkes), sfr 128.00 (Preis bei Abnahme des Gesamtwerkes)</subfield>
      <subfield code="9">978-3-476-02105-2</subfield>
    </datafield>
    <datafield tag="020" ind1=" " ind2=" ">
      <subfield code="a">347602105X</subfield>
      <subfield code="9">3-476-02105-X</subfield>
    </datafield>
    <datafield tag="024" ind1="3" ind2=" ">
      <subfield code="a">9783476021052</subfield>
    </datafield>
    <datafield tag="035" ind1=" " ind2=" ">
      <subfield code="a">(DE-599)DNB977798232</subfield>
    </datafield>
    <datafield tag="040" ind1=" " ind2=" ">
      <subfield code="a">1245</subfield>
      <subfield code="b">ger</subfield>
      <subfield code="c">DE-101</subfield>
      <subfield code="d">1240</subfield>
      <subfield code="e">rda</subfield>
    </datafield>
    <datafield tag="041" ind1=" " ind2=" ">
      <subfield code="a">ger</subfield>
    </datafield>
    <datafield tag="044" ind1=" " ind2=" ">
      <subfield code="c">XA-DE-BW</subfield>
    </datafield>
    <datafield tag="082" ind1="7" ind2="4">
      <subfield code="a">100</subfield>
      <subfield code="a">000</subfield>
      <subfield code="q">DE-101</subfield>
      <subfield code="2">22sdnb</subfield>
    </datafield>
    <datafield tag="084" ind1=" " ind2=" ">
      <subfield code="a">100</subfield>
      <subfield code="a">000</subfield>
      <subfield code="q">DE-101</subfield>
      <subfield code="2">sdnb</subfield>
    </datafield>
    <datafield tag="245" ind1="1" ind2="0">
      <subfield code="a">Enzyklopädie Philosophie und Wissenschaftstheorie</subfield>
      <subfield code="n">Band 6.</subfield>
      <subfield code="p">O-Ra</subfield>
      <subfield code="c">unter ständiger Mitwirkung von Gottfried Gabriel [und 10 anderen]. In Verbindung mit Martin Carrier herausgegeben von Jürgen Mittelstrass</subfield>
    </datafield>
    <datafield tag="264" ind1="3" ind2="1">
      <subfield code="a">Stuttgart</subfield>
      <subfield code="a">Weimar</subfield>
      <subfield code="b">Verlag J.B. Metzler</subfield>
      <subfield code="c">[2016]</subfield>
    </datafield>
    <datafield tag="300" ind1=" " ind2=" ">
      <subfield code="a">XX, 618 Seiten</subfield>
      <subfield code="b">Illustrationen, Diagramme</subfield>
    </datafield>
    <datafield tag="336" ind1=" " ind2=" ">
      <subfield code="a">Text</subfield>
      <subfield code="b">txt</subfield>
      <subfield code="2">rdacontent</subfield>
    </datafield>
    <datafield tag="337" ind1=" " ind2=" ">
      <subfield code="a">ohne Hilfsmittel zu benutzen</subfield>
      <subfield code="b">n</subfield>
      <subfield code="2">rdamedia</subfield>
    </datafield>
    <datafield tag="338" ind1=" " ind2=" ">
      <subfield code="a">Band</subfield>
      <subfield code="b">nc</subfield>
      <subfield code="2">rdacarrier</subfield>
    </datafield>
    <datafield tag="773" ind1="0" ind2="8">
      <subfield code="q">16</subfield>
    </datafield>
    <datafield tag="773" ind1="0" ind2="8">
      <subfield code="w">1043699</subfield>
    </datafield>
    <datafield tag="852" ind1=" " ind2=" ">
      <subfield code="c">Cak Enzyklopädie Philosophie und Wissenschaftstheorie</subfield>
    </datafield>
    <datafield tag="992" ind1=" " ind2=" ">
      <subfield code="2">Cak</subfield>
      <subfield code="5">Enzyklopädie Phi</subfield>
    </datafield>
    <datafield tag="997" ind1=" " ind2=" ">
      <subfield code="a">977798232</subfield>
    </datafield>
    <datafield tag="998" ind1="0" ind2="8">
      <subfield code="w">(DE-101)976872900</subfield>
    </datafield>
  </record>