
  <record format="MARC21" type="Bibliographic">
    <leader>00000nhm  2200000|| 4001</leader>
    <controlfield tag="001">1159992</controlfield>
    <controlfield tag="003">DE-380</controlfield>
    <controlfield tag="005">20140719233654.0</controlfield>
    <controlfield tag="007">tu ||||||||||||||||||||</controlfield>
    <controlfield tag="008">101216|2010||||||||||||</controlfield>
    <datafield tag="020" ind1=" " ind2=" ">
      <subfield code="a">9783412210519</subfield>
      <subfield code="c">: EUR 39.90</subfield>
      <subfield code="9">ISBN 978-412-21051-9</subfield>
    </datafield>
    <datafield tag="040" ind1=" " ind2=" ">
      <subfield code="a">DE-380</subfield>
    </datafield>
    <datafield tag="041" ind1=" " ind2=" ">
      <subfield code="a">ger</subfield>
    </datafield>
    <datafield tag="087" ind1=" " ind2=" ">
      <subfield code="a">NCM</subfield>
    </datafield>
    <datafield tag="090" ind1=" " ind2=" ">
      <subfield code="g">_</subfield>
    </datafield>
    <datafield tag="110" ind1="2" ind2=" ">
      <subfield code="a">Kölnischer Geschichtsverein</subfield>
    </datafield>
    <datafield tag="240" ind1="1" ind2="0">
      <subfield code="a">Jahrbuch des Kölnischen Geschichtsvereins e.V / 81</subfield>
    </datafield>
    <datafield tag="245" ind1="0" ind2="0">
      <subfield code="a">Jahrbuch 81 des Kölnischen Geschichtsvereins e.V</subfield>
      <subfield code="b">2011/12</subfield>
      <subfield code="c">hrsg. von Manfred Groten ...</subfield>
    </datafield>
    <datafield tag="260" ind1=" " ind2=" ">
      <subfield code="a">Köln ; Weimar ; Wien</subfield>
      <subfield code="b">Böhlau</subfield>
      <subfield code="c">2012</subfield>
    </datafield>
    <datafield tag="300" ind1=" " ind2=" ">
      <subfield code="a">378 S.</subfield>
      <subfield code="b">Ill.</subfield>
    </datafield>
    <datafield tag="500" ind1=" " ind2=" ">
      <subfield code="a">Wird als Forts. laufend gehalten</subfield>
    </datafield>
    <datafield tag="700" ind1="1" ind2=" ">
      <subfield code="a">Groten, Manfred &lt;[Hrsg.]&gt;</subfield>
    </datafield>
    <datafield tag="852" ind1=" " ind2=" ">
      <subfield code="c">Ncm Kölnischer Geschichtsverein</subfield>
    </datafield>
    <datafield tag="992" ind1=" " ind2=" ">
      <subfield code="2">Ncm</subfield>
      <subfield code="5">Kölnischer Gesch</subfield>
    </datafield>
  </record>