
  <record format="MARC21" type="Bibliographic">
    <leader>00000nhm  2200000|| 450 </leader>
    <controlfield tag="001">1160023</controlfield>
    <controlfield tag="003">DE-101</controlfield>
    <controlfield tag="005">20151029223015.0</controlfield>
    <controlfield tag="007">tu ||||||||||||||||||||</controlfield>
    <controlfield tag="008">140404s2015||||gw |||||</controlfield>
    <datafield tag="015" ind1=" " ind2=" ">
      <subfield code="a">15,A45</subfield>
      <subfield code="a">15,H11</subfield>
      <subfield code="z">14,N15</subfield>
      <subfield code="2">dnb</subfield>
    </datafield>
    <datafield tag="016" ind1="7" ind2=" ">
      <subfield code="2">DE-101</subfield>
      <subfield code="a">1049600460</subfield>
    </datafield>
    <datafield tag="020" ind1=" " ind2=" ">
      <subfield code="a">9783110359985</subfield>
      <subfield code="c">Pp. : EUR 99.95</subfield>
      <subfield code="9">978-3-11-035998-5</subfield>
    </datafield>
    <datafield tag="020" ind1=" " ind2=" ">
      <subfield code="a">9783110360233 (Bundle mit eBook)</subfield>
      <subfield code="c">: EUR 149.95</subfield>
      <subfield code="9">978-3-11-036023-3</subfield>
    </datafield>
    <datafield tag="020" ind1=" " ind2=" ">
      <subfield code="a">3110359987</subfield>
      <subfield code="9">3-11-035998-7</subfield>
    </datafield>
    <datafield tag="024" ind1="3" ind2=" ">
      <subfield code="a">9783110359985</subfield>
    </datafield>
    <datafield tag="035" ind1=" " ind2=" ">
      <subfield code="a">(DE-599)DNB1049600460</subfield>
    </datafield>
    <datafield tag="035" ind1=" " ind2=" ">
      <subfield code="a">(OCoLC)876384484</subfield>
    </datafield>
    <datafield tag="040" ind1=" " ind2=" ">
      <subfield code="a">1145</subfield>
      <subfield code="b">ger</subfield>
      <subfield code="c">DE-101</subfield>
      <subfield code="d">9999</subfield>
    </datafield>
    <datafield tag="041" ind1=" " ind2=" ">
      <subfield code="a">ger</subfield>
    </datafield>
    <datafield tag="044" ind1=" " ind2=" ">
      <subfield code="c">XA-DE-BE</subfield>
    </datafield>
    <datafield tag="090" ind1=" " ind2=" ">
      <subfield code="a">b</subfield>
    </datafield>
    <datafield tag="100" ind1="1" ind2=" ">
      <subfield code="0">(DE-588)1076177174</subfield>
      <subfield code="0">(DE-101)1076177174</subfield>
      <subfield code="a">Struve, Kai</subfield>
      <subfield code="4">aut</subfield>
    </datafield>
    <datafield tag="245" ind1="1" ind2="0">
      <subfield code="a">Deutsche Herrschaft, ukrainischer Nationalismus, antijüdische Gewalt</subfield>
      <subfield code="b">der Sommer 1941 in der Westukraine</subfield>
      <subfield code="c">Kai Struve</subfield>
    </datafield>
    <datafield tag="264" ind1=" " ind2="1">
      <subfield code="a">Berlin</subfield>
      <subfield code="a">Boston, Mass.</subfield>
      <subfield code="b">&lt;De> Gruyter Oldenbourg</subfield>
      <subfield code="c">2015</subfield>
    </datafield>
    <datafield tag="300" ind1=" " ind2=" ">
      <subfield code="a">XIV, 739 S.</subfield>
      <subfield code="b">Ill.</subfield>
    </datafield>
    <datafield tag="502" ind1=" " ind2=" ">
      <subfield code="a">Zugl. überarb. Fassung von: Halle-Wittenberg, Univ., Habil.-Schr., 2013</subfield>
    </datafield>
    <datafield tag="610" ind1="1" ind2="7">
      <subfield code="0">(DE-588)26159-2</subfield>
      <subfield code="0">(DE-101)000261599</subfield>
      <subfield code="a">Deutsches Reich</subfield>
      <subfield code="b">Wehrmacht</subfield>
      <subfield code="2">gnd</subfield>
    </datafield>
    <datafield tag="648" ind1=" " ind2="7">
      <subfield code="a">Geschichte 1941</subfield>
      <subfield code="2">gnd</subfield>
    </datafield>
    <datafield tag="650" ind1=" " ind2="7">
      <subfield code="0">(DE-588)4006020-2</subfield>
      <subfield code="0">(DE-101)040060209</subfield>
      <subfield code="a">Besetzung</subfield>
      <subfield code="2">gnd</subfield>
    </datafield>
    <datafield tag="650" ind1=" " ind2="7">
      <subfield code="0">(DE-588)4028808-0</subfield>
      <subfield code="0">(DE-101)040288080</subfield>
      <subfield code="a">Juden</subfield>
      <subfield code="2">gnd</subfield>
    </datafield>
    <datafield tag="650" ind1=" " ind2="7">
      <subfield code="0">(DE-588)4137649-3</subfield>
      <subfield code="0">(DE-101)041376498</subfield>
      <subfield code="a">Pogrom</subfield>
      <subfield code="2">gnd</subfield>
    </datafield>
    <datafield tag="651" ind1=" " ind2="7">
      <subfield code="0">(DE-588)4329560-5</subfield>
      <subfield code="0">(DE-101)94009858X</subfield>
      <subfield code="a">Ukraine</subfield>
      <subfield code="z">West</subfield>
      <subfield code="2">gnd</subfield>
    </datafield>
    <datafield tag="689" ind1="0" ind2="0">
      <subfield code="0">(DE-588)26159-2</subfield>
      <subfield code="0">(DE-101)000261599</subfield>
      <subfield code="D">b</subfield>
      <subfield code="a">Deutsches Reich</subfield>
      <subfield code="b">Wehrmacht</subfield>
    </datafield>
    <datafield tag="689" ind1="0" ind2="1">
      <subfield code="0">(DE-588)4006020-2</subfield>
      <subfield code="0">(DE-101)040060209</subfield>
      <subfield code="D">s</subfield>
      <subfield code="a">Besetzung</subfield>
    </datafield>
    <datafield tag="689" ind1="0" ind2="2">
      <subfield code="0">(DE-588)4028808-0</subfield>
      <subfield code="0">(DE-101)040288080</subfield>
      <subfield code="D">s</subfield>
      <subfield code="a">Juden</subfield>
    </datafield>
    <datafield tag="689" ind1="0" ind2="3">
      <subfield code="0">(DE-588)4137649-3</subfield>
      <subfield code="0">(DE-101)041376498</subfield>
      <subfield code="D">s</subfield>
      <subfield code="a">Pogrom</subfield>
    </datafield>
    <datafield tag="689" ind1="0" ind2="4">
      <subfield code="0">(DE-588)4329560-5</subfield>
      <subfield code="0">(DE-101)94009858X</subfield>
      <subfield code="D">g</subfield>
      <subfield code="a">Ukraine</subfield>
      <subfield code="z">West</subfield>
    </datafield>
    <datafield tag="689" ind1="0" ind2="5">
      <subfield code="A">z</subfield>
      <subfield code="a">Geschichte 1941</subfield>
    </datafield>
    <datafield tag="689" ind1="0" ind2=" ">
      <subfield code="5">DE-101</subfield>
      <subfield code="5">DE-101</subfield>
    </datafield>
    <datafield tag="776" ind1="0" ind2="8">
      <subfield code="i">Weitere Ausg.</subfield>
      <subfield code="z">9783110360233</subfield>
    </datafield>
    <datafield tag="776" ind1="0" ind2="8">
      <subfield code="i">Online-Ausg.</subfield>
      <subfield code="z">9783110360226</subfield>
    </datafield>
    <datafield tag="852" ind1=" " ind2=" ">
      <subfield code="c">*GJ* Q4L/RUS 26</subfield>
    </datafield>
    <datafield tag="856" ind1="4" ind2="2">
      <subfield code="m">B:DE-101</subfield>
      <subfield code="q">application/pdf</subfield>
      <subfield code="u">http://d-nb.info/1049600460/04</subfield>
      <subfield code="3">Inhaltsverzeichnis</subfield>
    </datafield>
    <datafield tag="856" ind1="4" ind2="2">
      <subfield code="m">X:MVB</subfield>
      <subfield code="q">text/html</subfield>
      <subfield code="u">http://deposit.d-nb.de/cgi-bin/dokserv?id=4626053&amp;prov=M&amp;dok_var=1&amp;dok_ext=htm</subfield>
      <subfield code="3">Inhaltstext </subfield>
    </datafield>
    <datafield tag="997" ind1=" " ind2=" ">
      <subfield code="a">1049600460</subfield>
    </datafield>
  </record>