
  <record format="MARC21" type="Bibliographic">
    <leader>00000nhm  2200000|| 4001</leader>
    <controlfield tag="001">1160026</controlfield>
    <controlfield tag="007">tu ||||||||||||||||||||</controlfield>
    <controlfield tag="008">151218|2015||||||||||||</controlfield>
    <datafield tag="020" ind1=" " ind2=" ">
      <subfield code="a">9783770548439</subfield>
      <subfield code="9">978-3-7705-4843-9</subfield>
    </datafield>
    <datafield tag="100" ind1="1" ind2=" ">
      <subfield code="a">Silbermann, Edith</subfield>
    </datafield>
    <datafield tag="245" ind1="1" ind2="0">
      <subfield code="a">Czernowitz - Stadt der Dichter</subfield>
      <subfield code="b">Geschichte einer jüdischen Familie aus der Bukowina (1900 - 1948)</subfield>
      <subfield code="c">Edith Silbermann. Hrsg., dokumentiert und kommentiert von Amy-Diana Colin</subfield>
    </datafield>
    <datafield tag="260" ind1="3" ind2=" ">
      <subfield code="a">Paderborn</subfield>
      <subfield code="b">Fink</subfield>
      <subfield code="c">2015</subfield>
    </datafield>
    <datafield tag="300" ind1=" " ind2=" ">
      <subfield code="a">401 S.</subfield>
      <subfield code="b">Ill.</subfield>
      <subfield code="e">2 Audio-CDs</subfield>
    </datafield>
    <datafield tag="500" ind1=" " ind2=" ">
      <subfield code="a">Germania Judaica</subfield>
    </datafield>
    <datafield tag="700" ind1="1" ind2=" ">
      <subfield code="a">Colin, Amy D. &lt;[Hrsg.]&gt;</subfield>
    </datafield>
    <datafield tag="852" ind1=" " ind2=" ">
      <subfield code="c">*GJ* Dob/HOR</subfield>
    </datafield>
  </record>