
  <record format="MARC21" type="Bibliographic">
    <leader>00000nhm  2200000|| 4001</leader>
    <controlfield tag="001">1160027</controlfield>
    <controlfield tag="007">tu ||||||||||||||||||||</controlfield>
    <controlfield tag="008">151218|2005|||||||||||||||||||||||||||||</controlfield>
    <datafield tag="020" ind1=" " ind2=" ">
      <subfield code="a">3938324155</subfield>
      <subfield code="9">3-938324-15-5</subfield>
    </datafield>
    <datafield tag="100" ind1="1" ind2=" ">
      <subfield code="a">Vogel, Beate</subfield>
    </datafield>
    <datafield tag="245" ind1="1" ind2="0">
      <subfield code="a">Opa Samuel, was bedeutet es, ein Jude zu sein?</subfield>
      <subfield code="b">Arbeits- und Lesebuch für Kinder</subfield>
      <subfield code="c">von Beate Vogel</subfield>
    </datafield>
    <datafield tag="260" ind1="3" ind2=" ">
      <subfield code="a">cap!-music</subfield>
      <subfield code="b">Altensteig</subfield>
      <subfield code="c">2005</subfield>
    </datafield>
    <datafield tag="300" ind1=" " ind2=" ">
      <subfield code="a">48 S.</subfield>
      <subfield code="b">zahlr. Ill., Kt.</subfield>
    </datafield>
    <datafield tag="490" ind1="1" ind2=" ">
      <subfield code="a">cap-books</subfield>
    </datafield>
    <datafield tag="500" ind1=" " ind2=" ">
      <subfield code="a">Germania Judaica</subfield>
    </datafield>
    <datafield tag="852" ind1=" " ind2=" ">
      <subfield code="c">*GJ* Am/VOG</subfield>
    </datafield>
  </record>