
  <record format="MARC21" type="Bibliographic">
    <leader>00000nhm  2200000|| 4001</leader>
    <controlfield tag="001">1160028</controlfield>
    <controlfield tag="007">tu ||||||||||||||||||||</controlfield>
    <controlfield tag="008">151221|2013|||||||||||||||||||||||||||||</controlfield>
    <datafield tag="020" ind1=" " ind2=" ">
      <subfield code="a">9789665431527</subfield>
      <subfield code="9">978-966-543-152-7</subfield>
    </datafield>
    <datafield tag="087" ind1=" " ind2=" ">
      <subfield code="a">Mkp 7 / Ukraine</subfield>
    </datafield>
    <datafield tag="245" ind1="1" ind2="0">
      <subfield code="a">House of Horodecki</subfield>
      <subfield code="c">Text, conception by Sergei Udovik</subfield>
    </datafield>
    <datafield tag="260" ind1="3" ind2=" ">
      <subfield code="a">Kiev (Kyiv)</subfield>
      <subfield code="b">Vakler Publishing Company</subfield>
      <subfield code="c">2013</subfield>
    </datafield>
    <datafield tag="300" ind1=" " ind2=" ">
      <subfield code="a">48 p.</subfield>
      <subfield code="b">illustrated with 64 photographs</subfield>
    </datafield>
    <datafield tag="500" ind1=" " ind2=" ">
      <subfield code="a">The book invites readers to learn history of creation and description of one of the most brilliant, striking and distinctive designs of European Art Nouveau IBM Horodecki?s House in Kiev known as ?The House with Chimaeras?. is  </subfield>
    </datafield>
    <datafield tag="700" ind1="1" ind2=" ">
      <subfield code="a">Udovik, Sergei</subfield>
    </datafield>
    <datafield tag="852" ind1=" " ind2=" ">
      <subfield code="c">Mkp 7 Ukraine / House of Horodecki</subfield>
    </datafield>
    <datafield tag="992" ind1=" " ind2=" ">
      <subfield code="2">Mkp</subfield>
      <subfield code="3">7</subfield>
      <subfield code="4">Ukraine</subfield>
      <subfield code="5">House of Horodec</subfield>
    </datafield>
  </record>