
  <record format="MARC21" type="Bibliographic">
    <leader>00000nhm  2200000|| 450 </leader>
    <controlfield tag="001">1160035</controlfield>
    <controlfield tag="003">DE-380</controlfield>
    <controlfield tag="005">20140719233718.0</controlfield>
    <controlfield tag="007">tu ||||||||||||||||||||</controlfield>
    <controlfield tag="008">131106|2013||||||||||||</controlfield>
    <datafield tag="020" ind1=" " ind2=" ">
      <subfield code="a">978 3 84901810 8</subfield>
      <subfield code="c">: EUR 8.95</subfield>
      <subfield code="9">978-3-8490-1810-8</subfield>
    </datafield>
    <datafield tag="028" ind1="5" ind2="2">
      <subfield code="a">Nr. 53540</subfield>
    </datafield>
    <datafield tag="035" ind1=" " ind2=" ">
      <subfield code="a">T01075301X</subfield>
    </datafield>
    <datafield tag="040" ind1=" " ind2=" ">
      <subfield code="a">DE-380</subfield>
    </datafield>
    <datafield tag="041" ind1=" " ind2=" ">
      <subfield code="a">ger</subfield>
    </datafield>
    <datafield tag="087" ind1=" " ind2=" ">
      <subfield code="a">HC</subfield>
    </datafield>
    <datafield tag="090" ind1=" " ind2=" ">
      <subfield code="g">_</subfield>
    </datafield>
    <datafield tag="245" ind1="0" ind2="0">
      <subfield code="a">Deutsch 10. Klasse / Hauptschule Typ A, Gesamtschule GK, Nordrhein-Westfalen 2015</subfield>
      <subfield code="b">[Basiswissen, Übungsaufgaben, aktuelle Original-Prüfung]</subfield>
      <subfield code="c">[Marion von der Kammer] </subfield>
    </datafield>
    <datafield tag="246" ind1="1" ind2="3">
      <subfield code="a">Training Zentrale Prüfung 2016 NRW  Hauptschule Typ A, Gesamtschule GK, </subfield>
    </datafield>
    <datafield tag="250" ind1=" " ind2=" ">
      <subfield code="a">9., ergänzte Auflage</subfield>
    </datafield>
    <datafield tag="260" ind1=" " ind2=" ">
      <subfield code="a">[Freising]</subfield>
      <subfield code="b">Stark</subfield>
      <subfield code="c">2015</subfield>
    </datafield>
    <datafield tag="300" ind1=" " ind2=" ">
      <subfield code="a">geteilte Zählung</subfield>
      <subfield code="b">Ill., graph. Darst.</subfield>
    </datafield>
    <datafield tag="490" ind1="0" ind2=" ">
      <subfield code="a">Training Zentrale Prüfung </subfield>
      <subfield code="v">2016</subfield>
    </datafield>
    <datafield tag="500" ind1=" " ind2=" ">
      <subfield code="a">Sek I</subfield>
    </datafield>
    <datafield tag="700" ind1="1" ind2=" ">
      <subfield code="a">Kammer, Marion &lt;von der></subfield>
    </datafield>
    <datafield tag="852" ind1=" " ind2=" ">
      <subfield code="c">Hc * Schule-Deutsch* Deutsch 10. Klasse / Hauptschule Typ A, Gesamtschule GK, Nordrhein-Westfalen 2016</subfield>
    </datafield>
    <datafield tag="992" ind1=" " ind2=" ">
      <subfield code="2">Hc</subfield>
      <subfield code="5">Deutsch 10. Klas</subfield>
    </datafield>
    <datafield tag="997" ind1=" " ind2=" ">
      <subfield code="a">978-3-8490-1810-8</subfield>
    </datafield>
  </record>