
  <record format="MARC21" type="Bibliographic">
    <leader>00000num  2200000|| 450 </leader>
    <controlfield tag="001">1160038</controlfield>
    <controlfield tag="003">DE-380</controlfield>
    <controlfield tag="005">20140719214326.0</controlfield>
    <controlfield tag="007">tu ||||||||||||||||||||</controlfield>
    <controlfield tag="008">110727|2012||||||||||||</controlfield>
    <datafield tag="015" ind1=" " ind2=" ">
      <subfield code="a">12,A18</subfield>
      <subfield code="z">11,N27</subfield>
      <subfield code="2">dnb</subfield>
    </datafield>
    <datafield tag="016" ind1="7" ind2=" ">
      <subfield code="a">1013076486</subfield>
      <subfield code="2">DE-101</subfield>
    </datafield>
    <datafield tag="020" ind1=" " ind2=" ">
      <subfield code="a">9783866685185</subfield>
      <subfield code="c">geh. : EUR 9.95</subfield>
      <subfield code="9">978-3-86668-518-5</subfield>
    </datafield>
    <datafield tag="028" ind1="5" ind2="2">
      <subfield code="a">1015591</subfield>
    </datafield>
    <datafield tag="035" ind1=" " ind2=" ">
      <subfield code="a">T019949460</subfield>
    </datafield>
    <datafield tag="040" ind1=" " ind2=" ">
      <subfield code="a">DE-380</subfield>
    </datafield>
    <datafield tag="041" ind1=" " ind2=" ">
      <subfield code="a">eng</subfield>
      <subfield code="a">ger</subfield>
    </datafield>
    <datafield tag="087" ind1=" " ind2=" ">
      <subfield code="a">HB / Englisch-Lernhilfe</subfield>
    </datafield>
    <datafield tag="090" ind1=" " ind2=" ">
      <subfield code="a">b</subfield>
      <subfield code="f">_</subfield>
      <subfield code="h">_</subfield>
    </datafield>
    <datafield tag="099" ind1="1" ind2=" ">
      <subfield code="a">20120502</subfield>
    </datafield>
    <datafield tag="245" ind1="0" ind2="0">
      <subfield code="a">Klassenarbeiten Englisch</subfield>
      <subfield code="n">9. Klasse?Realschule : mit MP3-CD / Simone Joklitschke</subfield>
    </datafield>
    <datafield tag="260" ind1=" " ind2=" ">
      <subfield code="c">2014</subfield>
    </datafield>
    <datafield tag="300" ind1=" " ind2=" ">
      <subfield code="a">40 S.</subfield>
      <subfield code="b">Ill.</subfield>
      <subfield code="c">30 cm</subfield>
      <subfield code="e">Lösungen (32 S.), 1 CD</subfield>
    </datafield>
    <datafield tag="500" ind1=" " ind2=" ">
      <subfield code="a">Sek I</subfield>
    </datafield>
    <datafield tag="700" ind1="1" ind2=" ">
      <subfield code="a">Joklitschke, Simone</subfield>
    </datafield>
    <datafield tag="773" ind1="0" ind2="8">
      <subfield code="w">1128343</subfield>
    </datafield>
    <datafield tag="852" ind1=" " ind2=" ">
      <subfield code="c">Hb *Schule-Englisch* Englisch-Lernhilfe / Englisch 9. Klasse</subfield>
    </datafield>
    <datafield tag="992" ind1=" " ind2=" ">
      <subfield code="2">Hb</subfield>
      <subfield code="4">Englisch-Lernhil</subfield>
      <subfield code="5">Englisch 9. Klas</subfield>
    </datafield>
    <datafield tag="997" ind1=" " ind2=" ">
      <subfield code="a">1013076486</subfield>
    </datafield>
    <datafield tag="998" ind1=" " ind2=" ">
      <subfield code="w">978476786</subfield>
    </datafield>
  </record>