
  <record format="MARC21" type="Bibliographic">
    <leader>00000nhm  2200000|| 450 </leader>
    <controlfield tag="001">1160039</controlfield>
    <controlfield tag="003">DE-101</controlfield>
    <controlfield tag="005">20150430223610.0</controlfield>
    <controlfield tag="007">tu ||||||||||||||||||||</controlfield>
    <controlfield tag="008">150430s2015||||gw |||||</controlfield>
    <datafield tag="015" ind1=" " ind2=" ">
      <subfield code="a">15,N19</subfield>
      <subfield code="2">dnb</subfield>
    </datafield>
    <datafield tag="016" ind1="7" ind2=" ">
      <subfield code="2">DE-101</subfield>
      <subfield code="a">107039999X</subfield>
    </datafield>
    <datafield tag="020" ind1=" " ind2=" ">
      <subfield code="a">9783534175178</subfield>
      <subfield code="c">Pb. : EUR 17.95 (DE), EUR 18.50 (AT), sfr 25.90 (freier Pr.)</subfield>
      <subfield code="9">978-3-534-17517-8</subfield>
    </datafield>
    <datafield tag="020" ind1=" " ind2=" ">
      <subfield code="a">3534175174</subfield>
      <subfield code="9">3-534-17517-4</subfield>
    </datafield>
    <datafield tag="024" ind1="3" ind2=" ">
      <subfield code="a">9783534175178</subfield>
    </datafield>
    <datafield tag="035" ind1=" " ind2=" ">
      <subfield code="a">(DE-599)DNB107039999X</subfield>
    </datafield>
    <datafield tag="040" ind1=" " ind2=" ">
      <subfield code="a">1245</subfield>
      <subfield code="b">ger</subfield>
      <subfield code="c">DE-101</subfield>
      <subfield code="d">9999</subfield>
    </datafield>
    <datafield tag="041" ind1=" " ind2=" ">
      <subfield code="a">ger</subfield>
    </datafield>
    <datafield tag="044" ind1=" " ind2=" ">
      <subfield code="c">XA-DE-HE</subfield>
    </datafield>
    <datafield tag="082" ind1="7" ind2="4">
      <subfield code="8">1\p</subfield>
      <subfield code="a">370</subfield>
      <subfield code="q">DE-101</subfield>
      <subfield code="2">23sdnb</subfield>
    </datafield>
    <datafield tag="084" ind1=" " ind2=" ">
      <subfield code="a">370</subfield>
      <subfield code="q">DE-101</subfield>
      <subfield code="2">sdnb</subfield>
    </datafield>
    <datafield tag="087" ind1=" " ind2=" ">
      <subfield code="a">EAO</subfield>
    </datafield>
    <datafield tag="100" ind1="1" ind2=" ">
      <subfield code="a">Hoyer, Timo</subfield>
      <subfield code="4">aut</subfield>
    </datafield>
    <datafield tag="245" ind1="1" ind2="0">
      <subfield code="a">Sozialgeschichte der Erziehung</subfield>
      <subfield code="c">Timo Hoyer</subfield>
    </datafield>
    <datafield tag="260" ind1="3" ind2=" ">
      <subfield code="a">Darmstadt</subfield>
      <subfield code="b">WBG (Wissenschaftliche Buchgesellschaft)</subfield>
      <subfield code="c">2015</subfield>
    </datafield>
    <datafield tag="263" ind1=" " ind2=" ">
      <subfield code="a">201510</subfield>
    </datafield>
    <datafield tag="300" ind1=" " ind2=" ">
      <subfield code="a">144 S.</subfield>
      <subfield code="b">5 schw.-w. Ill.</subfield>
      <subfield code="c">240 mm x 165 mm</subfield>
    </datafield>
    <datafield tag="490" ind1="0" ind2=" ">
      <subfield code="a">Grundwissen Erziehungswissenschaft</subfield>
    </datafield>
    <datafield tag="710" ind1="2" ind2=" ">
      <subfield code="0">(DE-588)1064329357</subfield>
      <subfield code="0">(DE-101)1064329357</subfield>
      <subfield code="a">Wissenschaftliche Buchgesellschaft (WBG)</subfield>
      <subfield code="4">pbl</subfield>
    </datafield>
    <datafield tag="852" ind1=" " ind2=" ">
      <subfield code="c">Eao Hoyer</subfield>
    </datafield>
    <datafield tag="856" ind1="4" ind2="2">
      <subfield code="m">X:MVB</subfield>
      <subfield code="q">text/html</subfield>
      <subfield code="u">http://deposit.d-nb.de/cgi-bin/dokserv?id=5227501&amp;prov=M&amp;dok_var=1&amp;dok_ext=htm</subfield>
      <subfield code="3">Inhaltstext</subfield>
    </datafield>
    <datafield tag="992" ind1=" " ind2=" ">
      <subfield code="2">Eao</subfield>
      <subfield code="5">Hoyer</subfield>
    </datafield>
    <datafield tag="997" ind1=" " ind2=" ">
      <subfield code="a">107039999X</subfield>
    </datafield>
  </record>