
  <record format="MARC21" type="Bibliographic">
    <leader>00000nhm  2200000|| 450 </leader>
    <controlfield tag="001">1160043</controlfield>
    <controlfield tag="003">DE-380</controlfield>
    <controlfield tag="005">20140719214402.0</controlfield>
    <controlfield tag="007">tu ||||||||||||||||||||</controlfield>
    <controlfield tag="008">120803|2012||||gw |||||</controlfield>
    <datafield tag="015" ind1=" " ind2=" ">
      <subfield code="a">13,A22</subfield>
      <subfield code="z">12,N28</subfield>
      <subfield code="2">dnb</subfield>
    </datafield>
    <datafield tag="016" ind1="7" ind2=" ">
      <subfield code="a">1024003221</subfield>
      <subfield code="2">DE-101</subfield>
    </datafield>
    <datafield tag="020" ind1=" " ind2=" ">
      <subfield code="a">9783836540162</subfield>
      <subfield code="c">Pp. : EUR 9.99 (DE), EUR 9.99 (AT), sfr 13.90 (freier Pr.)</subfield>
      <subfield code="9">978-3-8365-4016-2</subfield>
    </datafield>
    <datafield tag="020" ind1=" " ind2=" ">
      <subfield code="a">3836540169</subfield>
      <subfield code="9">3-8365-4016-9</subfield>
    </datafield>
    <datafield tag="035" ind1=" " ind2=" ">
      <subfield code="a">T021637256</subfield>
    </datafield>
    <datafield tag="040" ind1=" " ind2=" ">
      <subfield code="a">DE-380</subfield>
    </datafield>
    <datafield tag="041" ind1=" " ind2=" ">
      <subfield code="a">ger</subfield>
      <subfield code="a">eng</subfield>
    </datafield>
    <datafield tag="044" ind1=" " ind2=" ">
      <subfield code="a">gw</subfield>
      <subfield code="c">DE</subfield>
    </datafield>
    <datafield tag="087" ind1=" " ind2=" ">
      <subfield code="a">FMO 4</subfield>
    </datafield>
    <datafield tag="090" ind1=" " ind2=" ">
      <subfield code="a">b</subfield>
      <subfield code="g">_</subfield>
      <subfield code="h">h</subfield>
    </datafield>
    <datafield tag="099" ind1="1" ind2=" ">
      <subfield code="a">20130528</subfield>
    </datafield>
    <datafield tag="245" ind1="0" ind2="0">
      <subfield code="a">Wirtschaftswunder</subfield>
      <subfield code="b">Deutschland nach dem Krieg</subfield>
      <subfield code="c">Josef Heinrich Darchinger. Klaus Honnef (Texte). Frank Darchinger (Hrsg.)</subfield>
    </datafield>
    <datafield tag="260" ind1=" " ind2=" ">
      <subfield code="a">Cologne</subfield>
      <subfield code="b">Taschen</subfield>
      <subfield code="c">2012</subfield>
    </datafield>
    <datafield tag="300" ind1=" " ind2=" ">
      <subfield code="a">207 S.</subfield>
      <subfield code="b">zahlr. Ill.</subfield>
      <subfield code="c">31 cm, 1231 g</subfield>
    </datafield>
    <datafield tag="500" ind1=" " ind2=" ">
      <subfield code="a">Text dt. und engl. - Literaturangaben</subfield>
    </datafield>
    <datafield tag="600" ind1="1" ind2="4">
      <subfield code="a">Darchinger, Jupp</subfield>
    </datafield>
    <datafield tag="648" ind1=" " ind2="4">
      <subfield code="a">Geschichte 1952-1967</subfield>
    </datafield>
    <datafield tag="650" ind1=" " ind2="4">
      <subfield code="a">Dokumentarphotographie</subfield>
    </datafield>
    <datafield tag="651" ind1=" " ind2="4">
      <subfield code="a">Deutschland</subfield>
    </datafield>
    <datafield tag="700" ind1="1" ind2=" ">
      <subfield code="a">Darchinger, Jupp</subfield>
    </datafield>
    <datafield tag="700" ind1="1" ind2=" ">
      <subfield code="a">Honnef, Klaus</subfield>
    </datafield>
    <datafield tag="852" ind1=" " ind2=" ">
      <subfield code="c">Fmo 4 Wirtschaftswunder</subfield>
    </datafield>
    <datafield tag="856" ind1="4" ind2=" ">
      <subfield code="m">B:DE-101</subfield>
      <subfield code="q">application/pdf</subfield>
      <subfield code="u">http://d-nb.info/1024003221/04</subfield>
      <subfield code="3">Inhaltsverzeichnis</subfield>
    </datafield>
    <datafield tag="992" ind1=" " ind2=" ">
      <subfield code="2">Fmo</subfield>
      <subfield code="3">4</subfield>
      <subfield code="5">Wirtschaftswunde</subfield>
    </datafield>
    <datafield tag="996" ind1=" " ind2=" ">
      <subfield code=" ">m   z XAz 37  </subfield>
    </datafield>
    <datafield tag="997" ind1=" " ind2=" ">
      <subfield code="a">1024003221</subfield>
    </datafield>
  </record>