
  <record format="MARC21" type="Bibliographic">
    <leader>00000nhm  2200000|| 4001</leader>
    <controlfield tag="001">1160047</controlfield>
    <controlfield tag="003">DE-101</controlfield>
    <controlfield tag="005">20140719233627.0</controlfield>
    <controlfield tag="007">tu ||||||||||||||||||||</controlfield>
    <controlfield tag="008">051102|2005||||gw |||||</controlfield>
    <datafield tag="020" ind1=" " ind2=" ">
      <subfield code="a">9783440146194</subfield>
      <subfield code="c">Pp. : EUR 29.99</subfield>
      <subfield code="9">978-3-440-14619-4</subfield>
    </datafield>
    <datafield tag="040" ind1=" " ind2=" ">
      <subfield code="a">DE-101</subfield>
    </datafield>
    <datafield tag="041" ind1=" " ind2=" ">
      <subfield code="a">ger</subfield>
    </datafield>
    <datafield tag="044" ind1=" " ind2=" ">
      <subfield code="a">gw</subfield>
      <subfield code="c">DE</subfield>
      <subfield code="a">bs</subfield>
      <subfield code="c">BW</subfield>
    </datafield>
    <datafield tag="087" ind1=" " ind2=" ">
      <subfield code="a">SKR 5 </subfield>
    </datafield>
    <datafield tag="090" ind1=" " ind2=" ">
      <subfield code="a">b</subfield>
      <subfield code="g">_</subfield>
      <subfield code="h">h</subfield>
    </datafield>
    <datafield tag="099" ind1="1" ind2=" ">
      <subfield code="a">20060221</subfield>
    </datafield>
    <datafield tag="245" ind1="0" ind2="0">
      <subfield code="a">Reptilien und Amphibien Europas</subfield>
      <subfield code="b">250 Arten mit Verbreitungskarten</subfield>
      <subfield code="c">Axel Kwet</subfield>
    </datafield>
    <datafield tag="260" ind1=" " ind2=" ">
      <subfield code="a">Stuttgart</subfield>
      <subfield code="b">Franckh-Kosmos</subfield>
      <subfield code="c">2015</subfield>
    </datafield>
    <datafield tag="300" ind1=" " ind2=" ">
      <subfield code="a">351 S.</subfield>
      <subfield code="b">zahlr. Ill.</subfield>
      <subfield code="c">19 cm</subfield>
    </datafield>
    <datafield tag="490" ind1="0" ind2=" ">
      <subfield code="a">Kosmos-Naturführer</subfield>
    </datafield>
    <datafield tag="650" ind1=" " ind2="4">
      <subfield code="a">Reptilien</subfield>
    </datafield>
    <datafield tag="650" ind1=" " ind2="4">
      <subfield code="a">Lurche</subfield>
    </datafield>
    <datafield tag="651" ind1=" " ind2="4">
      <subfield code="a">Europa</subfield>
    </datafield>
    <datafield tag="651" ind1=" " ind2="4">
      <subfield code="a">Europa</subfield>
    </datafield>
    <datafield tag="655" ind1=" " ind2="4">
      <subfield code="a">Bestimmungsbuch</subfield>
    </datafield>
    <datafield tag="655" ind1=" " ind2="4">
      <subfield code="a">Bestimmungsbuch</subfield>
    </datafield>
    <datafield tag="689" ind1="0" ind2="0">
      <subfield code="A">g</subfield>
      <subfield code="a">Europa</subfield>
    </datafield>
    <datafield tag="689" ind1="0" ind2="1">
      <subfield code="A">s</subfield>
      <subfield code="a">Reptilien</subfield>
    </datafield>
    <datafield tag="689" ind1="0" ind2="2">
      <subfield code="A">f</subfield>
      <subfield code="a">Bestimmungsbuch</subfield>
    </datafield>
    <datafield tag="689" ind1="1" ind2="0">
      <subfield code="A">g</subfield>
      <subfield code="a">Europa</subfield>
    </datafield>
    <datafield tag="689" ind1="1" ind2="1">
      <subfield code="A">s</subfield>
      <subfield code="a">Lurche</subfield>
    </datafield>
    <datafield tag="689" ind1="1" ind2="2">
      <subfield code="A">f</subfield>
      <subfield code="a">Bestimmungsbuch</subfield>
    </datafield>
    <datafield tag="700" ind1="1" ind2=" ">
      <subfield code="a">Kwet, Axel</subfield>
    </datafield>
    <datafield tag="852" ind1=" " ind2=" ">
      <subfield code="c">Skr 5 Reptilien und Amphibien Europas</subfield>
    </datafield>
    <datafield tag="856" ind1=" " ind2=" ">
      <subfield code="m">X:MVB</subfield>
      <subfield code="q">text/html</subfield>
      <subfield code="u">http://deposit.d-nb.de/cgi-bin/dokserv?id=4875067&amp;prov=M&amp;dok_var=1&amp;dok_ext=htm</subfield>
      <subfield code="3">Inhaltstext</subfield>
    </datafield>
    <datafield tag="992" ind1=" " ind2=" ">
      <subfield code="2">Skr </subfield>
      <subfield code="3">5</subfield>
      <subfield code="5">Reptilien und Am</subfield>
    </datafield>
  </record>