
  <record format="MARC21" type="Bibliographic">
    <leader>00000nhm  2200000|| 4001</leader>
    <controlfield tag="001">1160049</controlfield>
    <controlfield tag="003">DE-380</controlfield>
    <controlfield tag="005">20140719214502.0</controlfield>
    <controlfield tag="007">tu ||||||||||||||||||||</controlfield>
    <controlfield tag="008">140514|2014||||gw |||||</controlfield>
    <datafield tag="020" ind1=" " ind2=" ">
      <subfield code="a">9783831028306</subfield>
      <subfield code="c">Pp. : EUR 29.95</subfield>
      <subfield code="9">978-3-8310-2830-6</subfield>
    </datafield>
    <datafield tag="040" ind1=" " ind2=" ">
      <subfield code="a">DE-380</subfield>
    </datafield>
    <datafield tag="041" ind1=" " ind2=" ">
      <subfield code="a">ger</subfield>
    </datafield>
    <datafield tag="044" ind1=" " ind2=" ">
      <subfield code="a">gw</subfield>
      <subfield code="c">DE</subfield>
      <subfield code="a">bw</subfield>
      <subfield code="c">BY</subfield>
    </datafield>
    <datafield tag="087" ind1=" " ind2=" ">
      <subfield code="a">SEP 4</subfield>
    </datafield>
    <datafield tag="090" ind1=" " ind2=" ">
      <subfield code="a">_</subfield>
      <subfield code="g">_</subfield>
    </datafield>
    <datafield tag="245" ind1="0" ind2="0">
      <subfield code="a">&lt;Die> Planeten</subfield>
      <subfield code="b">eine visuelle Reise durch unser Sonnensystem</subfield>
      <subfield code="c">[Redaktion Ann Baggaley... Autoren Heather Couper... Übers. Martin Kliche]</subfield>
    </datafield>
    <datafield tag="260" ind1=" " ind2=" ">
      <subfield code="a">München</subfield>
      <subfield code="b">Dorling Kindersley</subfield>
      <subfield code="c">2015</subfield>
    </datafield>
    <datafield tag="300" ind1=" " ind2=" ">
      <subfield code="a">256 S.</subfield>
      <subfield code="b">zahlr. Ill., graph. Darst.</subfield>
    </datafield>
    <datafield tag="650" ind1=" " ind2="4">
      <subfield code="a">Sonnensystem</subfield>
    </datafield>
    <datafield tag="650" ind1=" " ind2="4">
      <subfield code="a">Weltall</subfield>
    </datafield>
    <datafield tag="700" ind1="1" ind2=" ">
      <subfield code="a">Baggaley, Ann &lt;[Red.]&gt;</subfield>
    </datafield>
    <datafield tag="700" ind1="1" ind2=" ">
      <subfield code="a">Couper, Heather</subfield>
    </datafield>
    <datafield tag="730" ind1="0" ind2=" ">
      <subfield code="a">&lt;The> planets</subfield>
      <subfield code="g">dt.</subfield>
    </datafield>
    <datafield tag="852" ind1=" " ind2=" ">
      <subfield code="c">Sep 4 Planeten</subfield>
    </datafield>
    <datafield tag="856" ind1="4" ind2=" ">
      <subfield code="m">B:DE-101</subfield>
      <subfield code="q">application/pdf</subfield>
      <subfield code="u">http://d-nb.info/1050664531/04</subfield>
      <subfield code="3">Inhaltsverzeichnis</subfield>
    </datafield>
    <datafield tag="992" ind1=" " ind2=" ">
      <subfield code="2">Sep</subfield>
      <subfield code="3">4</subfield>
      <subfield code="5">Planeten</subfield>
    </datafield>
    <datafield tag="996" ind1=" " ind2=" ">
      <subfield code=" ">m     XAz 37  </subfield>
    </datafield>
  </record>