
  <record format="MARC21" type="Bibliographic">
    <leader>00000nhm  2200000|| 450 </leader>
    <controlfield tag="001">1160079</controlfield>
    <controlfield tag="003">DE-101</controlfield>
    <controlfield tag="005">20150325223552.0</controlfield>
    <controlfield tag="007">tu ||||||||||||||||||||</controlfield>
    <controlfield tag="008">140506s2015||||gw |||||</controlfield>
    <datafield tag="015" ind1=" " ind2=" ">
      <subfield code="a">15,A14</subfield>
      <subfield code="z">14,N20</subfield>
      <subfield code="2">dnb</subfield>
    </datafield>
    <datafield tag="016" ind1="7" ind2=" ">
      <subfield code="2">DE-101</subfield>
      <subfield code="a">105072870X</subfield>
    </datafield>
    <datafield tag="020" ind1=" " ind2=" ">
      <subfield code="a">9783548375502</subfield>
      <subfield code="c">kart. : EUR 9.99 (DE), EUR 10.30 (AT), sfr 13.90 (freier Pr.)</subfield>
      <subfield code="9">978-3-548-37550-2</subfield>
    </datafield>
    <datafield tag="020" ind1=" " ind2=" ">
      <subfield code="a">3548375502</subfield>
      <subfield code="9">3-548-37550-2</subfield>
    </datafield>
    <datafield tag="024" ind1="3" ind2=" ">
      <subfield code="a">9783548375502</subfield>
    </datafield>
    <datafield tag="035" ind1=" " ind2=" ">
      <subfield code="a">(DE-599)DNB105072870X</subfield>
    </datafield>
    <datafield tag="035" ind1=" " ind2=" ">
      <subfield code="a">(OCoLC)879877893</subfield>
    </datafield>
    <datafield tag="040" ind1=" " ind2=" ">
      <subfield code="a">1145</subfield>
      <subfield code="b">ger</subfield>
      <subfield code="c">DE-101</subfield>
      <subfield code="d">9999</subfield>
      <subfield code="e">rakwb</subfield>
    </datafield>
    <datafield tag="041" ind1=" " ind2=" ">
      <subfield code="a">ger</subfield>
    </datafield>
    <datafield tag="044" ind1=" " ind2=" ">
      <subfield code="c">XA-DE-BE</subfield>
    </datafield>
    <datafield tag="082" ind1="0" ind2="4">
      <subfield code="8">1\x</subfield>
      <subfield code="a">305.5690943</subfield>
      <subfield code="q">DE-101</subfield>
      <subfield code="2">22/ger</subfield>
    </datafield>
    <datafield tag="083" ind1="7" ind2=" ">
      <subfield code="a">300</subfield>
      <subfield code="a">360</subfield>
      <subfield code="q">DE-101</subfield>
      <subfield code="2">23sdnb</subfield>
    </datafield>
    <datafield tag="084" ind1=" " ind2=" ">
      <subfield code="a">300</subfield>
      <subfield code="a">360</subfield>
      <subfield code="q">DE-101</subfield>
      <subfield code="2">sdnb</subfield>
    </datafield>
    <datafield tag="087" ind1=" " ind2=" ">
      <subfield code="a">PFL</subfield>
    </datafield>
    <datafield tag="100" ind1="1" ind2=" ">
      <subfield code="0">(DE-588)130668184</subfield>
      <subfield code="0">(DE-101)130668184</subfield>
      <subfield code="a">Selke, Stefan</subfield>
      <subfield code="d">1967-</subfield>
      <subfield code="4">aut</subfield>
    </datafield>
    <datafield tag="245" ind1="1" ind2="0">
      <subfield code="a">Schamland</subfield>
      <subfield code="b">die Armut mitten unter uns</subfield>
      <subfield code="c">Stefan Selke</subfield>
    </datafield>
    <datafield tag="250" ind1=" " ind2=" ">
      <subfield code="a">Ungekürzte Ausg., 1. Aufl.</subfield>
    </datafield>
    <datafield tag="259" ind1=" " ind2=" ">
      <subfield code="a">11</subfield>
    </datafield>
    <datafield tag="260" ind1="3" ind2=" ">
      <subfield code="a">Berlin</subfield>
      <subfield code="b">Ullstein</subfield>
      <subfield code="c">2015</subfield>
    </datafield>
    <datafield tag="300" ind1=" " ind2=" ">
      <subfield code="a">279 S.</subfield>
      <subfield code="c">19 cm</subfield>
    </datafield>
    <datafield tag="500" ind1=" " ind2=" ">
      <subfield code="a">Literaturangaben</subfield>
    </datafield>
    <datafield tag="650" ind1=" " ind2="7">
      <subfield code="0">(DE-588)4055896-4</subfield>
      <subfield code="0">(DE-101)040558967</subfield>
      <subfield code="a">Sozialstaat</subfield>
      <subfield code="2">gnd</subfield>
    </datafield>
    <datafield tag="650" ind1=" " ind2="7">
      <subfield code="0">(DE-588)4116534-2</subfield>
      <subfield code="0">(DE-101)041165349</subfield>
      <subfield code="a">Sozialabbau</subfield>
      <subfield code="2">gnd</subfield>
    </datafield>
    <datafield tag="650" ind1=" " ind2="7">
      <subfield code="0">(DE-588)4198892-9</subfield>
      <subfield code="0">(DE-101)041988922</subfield>
      <subfield code="a">Neue Armut</subfield>
      <subfield code="2">gnd</subfield>
    </datafield>
    <datafield tag="650" ind1=" " ind2="7">
      <subfield code="0">(DE-588)4122343-3</subfield>
      <subfield code="0">(DE-101)041223438</subfield>
      <subfield code="a">Scham</subfield>
      <subfield code="2">gnd</subfield>
    </datafield>
    <datafield tag="650" ind1=" " ind2="7">
      <subfield code="0">(DE-588)4122269-6</subfield>
      <subfield code="0">(DE-101)041222695</subfield>
      <subfield code="a">Marginalität</subfield>
      <subfield code="2">gnd</subfield>
    </datafield>
    <datafield tag="650" ind1=" " ind2="7">
      <subfield code="0">(DE-588)7720470-0</subfield>
      <subfield code="0">(DE-101)100766150X</subfield>
      <subfield code="a">Tafel-Initiative</subfield>
      <subfield code="2">gnd</subfield>
    </datafield>
    <datafield tag="650" ind1=" " ind2="7">
      <subfield code="0">(DE-588)4002963-3</subfield>
      <subfield code="0">(DE-101)040029638</subfield>
      <subfield code="a">Armut</subfield>
      <subfield code="2">gnd</subfield>
    </datafield>
    <datafield tag="650" ind1=" " ind2="7">
      <subfield code="0">(DE-588)4112701-8</subfield>
      <subfield code="0">(DE-101)041127013</subfield>
      <subfield code="a">Bekämpfung</subfield>
      <subfield code="2">gnd</subfield>
    </datafield>
    <datafield tag="650" ind1=" " ind2="7">
      <subfield code="0">(DE-588)4014920-1</subfield>
      <subfield code="0">(DE-101)04014920X</subfield>
      <subfield code="a">Entstaatlichung</subfield>
      <subfield code="2">gnd</subfield>
    </datafield>
    <datafield tag="651" ind1=" " ind2="7">
      <subfield code="0">(DE-588)4011882-4</subfield>
      <subfield code="0">(DE-101)040118827</subfield>
      <subfield code="a">Deutschland</subfield>
      <subfield code="2">gnd</subfield>
    </datafield>
    <datafield tag="689" ind1="0" ind2="0">
      <subfield code="0">(DE-588)4011882-4</subfield>
      <subfield code="0">(DE-101)040118827</subfield>
      <subfield code="D">g</subfield>
      <subfield code="a">Deutschland</subfield>
    </datafield>
    <datafield tag="689" ind1="0" ind2="1">
      <subfield code="0">(DE-588)4055896-4</subfield>
      <subfield code="0">(DE-101)040558967</subfield>
      <subfield code="D">s</subfield>
      <subfield code="a">Sozialstaat</subfield>
    </datafield>
    <datafield tag="689" ind1="0" ind2="2">
      <subfield code="0">(DE-588)4116534-2</subfield>
      <subfield code="0">(DE-101)041165349</subfield>
      <subfield code="D">s</subfield>
      <subfield code="a">Sozialabbau</subfield>
    </datafield>
    <datafield tag="689" ind1="0" ind2="3">
      <subfield code="0">(DE-588)4198892-9</subfield>
      <subfield code="0">(DE-101)041988922</subfield>
      <subfield code="D">s</subfield>
      <subfield code="a">Neue Armut</subfield>
    </datafield>
    <datafield tag="689" ind1="0" ind2="4">
      <subfield code="0">(DE-588)4122343-3</subfield>
      <subfield code="0">(DE-101)041223438</subfield>
      <subfield code="D">s</subfield>
      <subfield code="a">Scham</subfield>
    </datafield>
    <datafield tag="689" ind1="0" ind2="5">
      <subfield code="0">(DE-588)4122269-6</subfield>
      <subfield code="0">(DE-101)041222695</subfield>
      <subfield code="D">s</subfield>
      <subfield code="a">Marginalität</subfield>
    </datafield>
    <datafield tag="689" ind1="0" ind2=" ">
      <subfield code="5">DE-101</subfield>
      <subfield code="5">DE-101</subfield>
    </datafield>
    <datafield tag="689" ind1="1" ind2="0">
      <subfield code="0">(DE-588)4011882-4</subfield>
      <subfield code="0">(DE-101)040118827</subfield>
      <subfield code="D">g</subfield>
      <subfield code="a">Deutschland</subfield>
    </datafield>
    <datafield tag="689" ind1="1" ind2="1">
      <subfield code="0">(DE-588)7720470-0</subfield>
      <subfield code="0">(DE-101)100766150X</subfield>
      <subfield code="D">s</subfield>
      <subfield code="a">Tafel-Initiative</subfield>
    </datafield>
    <datafield tag="689" ind1="1" ind2="2">
      <subfield code="0">(DE-588)4002963-3</subfield>
      <subfield code="0">(DE-101)040029638</subfield>
      <subfield code="D">s</subfield>
      <subfield code="a">Armut</subfield>
    </datafield>
    <datafield tag="689" ind1="1" ind2="3">
      <subfield code="0">(DE-588)4112701-8</subfield>
      <subfield code="0">(DE-101)041127013</subfield>
      <subfield code="D">s</subfield>
      <subfield code="a">Bekämpfung</subfield>
    </datafield>
    <datafield tag="689" ind1="1" ind2="4">
      <subfield code="0">(DE-588)4014920-1</subfield>
      <subfield code="0">(DE-101)04014920X</subfield>
      <subfield code="D">s</subfield>
      <subfield code="a">Entstaatlichung</subfield>
    </datafield>
    <datafield tag="689" ind1="1" ind2=" ">
      <subfield code="5">DE-101</subfield>
      <subfield code="5">DE-101</subfield>
    </datafield>
    <datafield tag="775" ind1="0" ind2="8">
      <subfield code="i">Druckausg.</subfield>
      <subfield code="z">9783430201520</subfield>
    </datafield>
    <datafield tag="775" ind1="0" ind2="8">
      <subfield code="i">Online-Ausg.</subfield>
      <subfield code="z">9783843705394</subfield>
    </datafield>
    <datafield tag="852" ind1=" " ind2=" ">
      <subfield code="c">Pfl Selke   </subfield>
    </datafield>
    <datafield tag="856" ind1="4" ind2="2">
      <subfield code="m">B:DE-101</subfield>
      <subfield code="q">application/pdf</subfield>
      <subfield code="u">http://d-nb.info/105072870X/04</subfield>
      <subfield code="3">Inhaltsverzeichnis</subfield>
    </datafield>
    <datafield tag="856" ind1="4" ind2="2">
      <subfield code="m">X:MVB</subfield>
      <subfield code="q">text/html</subfield>
      <subfield code="u">http://deposit.d-nb.de/cgi-bin/dokserv?id=4658541&amp;prov=M&amp;dok_var=1&amp;dok_ext=htm</subfield>
      <subfield code="3">Inhaltstext</subfield>
    </datafield>
    <datafield tag="992" ind1=" " ind2=" ">
      <subfield code="2">Pfl</subfield>
      <subfield code="5">Selke</subfield>
    </datafield>
    <datafield tag="997" ind1=" " ind2=" ">
      <subfield code="a">105072870X</subfield>
    </datafield>
  </record>