
  <record format="MARC21" type="Bibliographic">
    <leader>00000nhm  2200000|| 4001</leader>
    <controlfield tag="001">1160082ALS01160082</controlfield>
    <controlfield tag="007">tu ||||||||||||||||||||</controlfield>
    <controlfield tag="008">151222|2015||||||||||||</controlfield>
    <datafield tag="087" ind1=" " ind2=" ">
      <subfield code="a">NCM 6 / Roters, Jürgen</subfield>
    </datafield>
    <datafield tag="100" ind1="1" ind2=" ">
      <subfield code="a">Roters, Jürgen</subfield>
    </datafield>
    <datafield tag="245" ind1="1" ind2="0">
      <subfield code="a">Köln 2009-2015</subfield>
      <subfield code="c">Oberbürgermeister Jürgen Roters (Autor und Herausgeber)</subfield>
    </datafield>
    <datafield tag="260" ind1="3" ind2=" ">
      <subfield code="a">Köln</subfield>
      <subfield code="c">2015</subfield>
    </datafield>
    <datafield tag="300" ind1=" " ind2=" ">
      <subfield code="a">165 Seiten</subfield>
      <subfield code="b">Illustrationen</subfield>
    </datafield>
    <datafield tag="852" ind1=" " ind2=" ">
      <subfield code="c">Köln-8</subfield>
    </datafield>
    <datafield tag="852" ind1=" " ind2=" ">
      <subfield code="c">Ncm 6 Roters, Jürgen / Roters</subfield>
    </datafield>
    <datafield tag="992" ind1=" " ind2=" ">
      <subfield code="2">Ncm</subfield>
      <subfield code="3">6</subfield>
      <subfield code="4">Roters, Jürgen</subfield>
      <subfield code="5">Roters</subfield>
    </datafield>
  </record>