
  <record format="MARC21" type="Bibliographic">
    <leader>00000nhm  2200000|| 4001</leader>
    <controlfield tag="001">1160092</controlfield>
    <controlfield tag="007">tu ||||||||||||||||||||</controlfield>
    <controlfield tag="008">141027|1393 [2014]|||||</controlfield>
    <datafield tag="020" ind1=" " ind2=" ">
      <subfield code="a">9789647259200</subfield>
      <subfield code="c"> : EUR 18.00</subfield>
      <subfield code="9">978-964-7259-20-0</subfield>
    </datafield>
    <datafield tag="087" ind1=" " ind2=" ">
      <subfield code="a">Uhs</subfield>
    </datafield>
    <datafield tag="100" ind1="1" ind2=" ">
      <subfield code="a">Iʻtimādī, R. </subfield>
    </datafield>
    <datafield tag="245" ind1="1" ind2="0">
      <subfield code="a">ArsĀlījanāb Arsishq</subfield>
      <subfield code="c">R. IArstimādī</subfield>
    </datafield>
    <datafield tag="246" ind1="1" ind2="3">
      <subfield code="a">ali jenab Eshgha</subfield>
    </datafield>
    <datafield tag="260" ind1="3" ind2=" ">
      <subfield code="a">Tihrān</subfield>
      <subfield code="b">Shādān</subfield>
      <subfield code="c">1392 [2013]</subfield>
    </datafield>
    <datafield tag="300" ind1=" " ind2=" ">
      <subfield code="a">492 S.</subfield>
    </datafield>
    <datafield tag="852" ind1=" " ind2=" ">
      <subfield code="c">Uhs Iʻtimādī</subfield>
    </datafield>
    <datafield tag="992" ind1=" " ind2=" ">
      <subfield code="2">Uhs</subfield>
      <subfield code="5">I'timadi</subfield>
    </datafield>
  </record>