
  <record format="MARC21" type="Bibliographic">
    <leader>00000nhm  2200000|| 4001</leader>
    <controlfield tag="001">1160096</controlfield>
    <controlfield tag="003">DE-380</controlfield>
    <controlfield tag="005">20140719233721.0</controlfield>
    <controlfield tag="007">tu ||||||||||||||||||||</controlfield>
    <controlfield tag="008">140324|2014||||||||||||</controlfield>
    <datafield tag="020" ind1=" " ind2=" ">
      <subfield code="a">978 1 59584 512 2</subfield>
      <subfield code="c">: EUR 18.00</subfield>
      <subfield code="9">978-1-59584-512-2</subfield>
    </datafield>
    <datafield tag="040" ind1=" " ind2=" ">
      <subfield code="a">DE-380</subfield>
    </datafield>
    <datafield tag="041" ind1=" " ind2=" ">
      <subfield code="a">per</subfield>
    </datafield>
    <datafield tag="087" ind1=" " ind2=" ">
      <subfield code="a">Uhs</subfield>
    </datafield>
    <datafield tag="090" ind1=" " ind2=" ">
      <subfield code="g">_</subfield>
    </datafield>
    <datafield tag="100" ind1="1" ind2=" ">
      <subfield code="a">Nāmvar, Bīzhan</subfield>
    </datafield>
    <datafield tag="245" ind1="0" ind2="0">
      <subfield code="a">Risālah-i shayṭān va qumārbāz : Satan and gambler</subfield>
      <subfield code="c">Bīzhan Nāmvar</subfield>
    </datafield>
    <datafield tag="260" ind1=" " ind2=" ">
      <subfield code="a">Los Angeles, CA</subfield>
      <subfield code="b">Shirkat-i Kitāb (Ketab)</subfield>
      <subfield code="c">2015</subfield>
    </datafield>
    <datafield tag="300" ind1=" " ind2=" ">
      <subfield code="a">286 Seiten</subfield>
    </datafield>
    <datafield tag="852" ind1=" " ind2=" ">
      <subfield code="c">Uhs Nāmvar</subfield>
    </datafield>
    <datafield tag="992" ind1=" " ind2=" ">
      <subfield code="2">Uhs</subfield>
      <subfield code="5">Nāmvar</subfield>
    </datafield>
  </record>