
  <record format="MARC21" type="Bibliographic">
    <leader>00000nhm  2200000|| 4001</leader>
    <controlfield tag="001">1160097</controlfield>
    <controlfield tag="007">tu ||||||||||||||||||||</controlfield>
    <controlfield tag="008">150326|2015||||||||||||</controlfield>
    <datafield tag="020" ind1=" " ind2=" ">
      <subfield code="a">978 9 64224066 1</subfield>
      <subfield code="c">: EUR 12.00</subfield>
      <subfield code="9">978-964-224-066-1</subfield>
    </datafield>
    <datafield tag="087" ind1=" " ind2=" ">
      <subfield code="a">Uhs</subfield>
    </datafield>
    <datafield tag="100" ind1="1" ind2=" ">
      <subfield code="a">Sameni, Nasrin</subfield>
    </datafield>
    <datafield tag="245" ind1="1" ind2="0">
      <subfield code="a">Mojezeh eshgh...</subfield>
      <subfield code="c">Nasrin Sameni</subfield>
    </datafield>
    <datafield tag="246" ind1="1" ind2="3">
      <subfield code="a">MArsujizih Arsishq ...</subfield>
    </datafield>
    <datafield tag="260" ind1="3" ind2=" ">
      <subfield code="a">Teheran</subfield>
      <subfield code="b">Alam</subfield>
      <subfield code="c">2015</subfield>
    </datafield>
    <datafield tag="300" ind1=" " ind2=" ">
      <subfield code="a">473 S.</subfield>
    </datafield>
    <datafield tag="852" ind1=" " ind2=" ">
      <subfield code="c">Uhs Sameni</subfield>
    </datafield>
    <datafield tag="992" ind1=" " ind2=" ">
      <subfield code="2">Uhs</subfield>
      <subfield code="5">Sameni</subfield>
    </datafield>
  </record>