
  <record format="MARC21" type="Bibliographic">
    <leader>00000num  2200000|| 450 </leader>
    <controlfield tag="001">1160110</controlfield>
    <controlfield tag="003">DE-380</controlfield>
    <controlfield tag="005">20140719233648.0</controlfield>
    <controlfield tag="007">tu ||||||||||||||||||||</controlfield>
    <controlfield tag="008">090720|2009||||||||||||</controlfield>
    <datafield tag="020" ind1=" " ind2=" ">
      <subfield code="a">9783406585814</subfield>
      <subfield code="c">: EUR 14.95</subfield>
      <subfield code="9">978-3-406-58581-4</subfield>
    </datafield>
    <datafield tag="035" ind1=" " ind2=" ">
      <subfield code="a">T009068540</subfield>
    </datafield>
    <datafield tag="040" ind1=" " ind2=" ">
      <subfield code="a">DE-380</subfield>
    </datafield>
    <datafield tag="041" ind1=" " ind2=" ">
      <subfield code="a">ger</subfield>
    </datafield>
    <datafield tag="090" ind1=" " ind2=" ">
      <subfield code="g">_</subfield>
    </datafield>
    <datafield tag="100" ind1="1" ind2=" ">
      <subfield code="a">Röd, Wolfgang</subfield>
    </datafield>
    <datafield tag="245" ind1="0" ind2="0">
      <subfield code="a">17. bis 20. Jahrhundert</subfield>
      <subfield code="n">Bd. 2.</subfield>
    </datafield>
    <datafield tag="246" ind1="1" ind2="3">
      <subfield code="a">Siebzehntes bis zwanzigstes Jahrhundert</subfield>
    </datafield>
    <datafield tag="250" ind1=" " ind2=" ">
      <subfield code="a">2., durchges. Aufl.</subfield>
    </datafield>
    <datafield tag="260" ind1=" " ind2=" ">
      <subfield code="c">2009</subfield>
    </datafield>
    <datafield tag="300" ind1=" " ind2=" ">
      <subfield code="a">637 S.</subfield>
    </datafield>
    <datafield tag="490" ind1="0" ind2=" ">
      <subfield code="a">Beck'sche Reihe</subfield>
      <subfield code="v">1391</subfield>
    </datafield>
    <datafield tag="773" ind1="0" ind2="8">
      <subfield code="w">474574</subfield>
    </datafield>
    <datafield tag="852" ind1=" " ind2=" ">
      <subfield code="c">Cb Röd</subfield>
    </datafield>
    <datafield tag="992" ind1=" " ind2=" ">
      <subfield code="2">Cb</subfield>
      <subfield code="5">Röd</subfield>
    </datafield>
    <datafield tag="997" ind1=" " ind2=" ">
      <subfield code="a">978-3-406-58581-4</subfield>
    </datafield>
    <datafield tag="998" ind1=" " ind2=" ">
      <subfield code="w">096589 5</subfield>
    </datafield>
  </record>