
  <record format="MARC21" type="Bibliographic">
    <leader>00000nhm  2200000|| 450 </leader>
    <controlfield tag="001">1160116</controlfield>
    <controlfield tag="003">DE-380</controlfield>
    <controlfield tag="005">20140719233715.0</controlfield>
    <controlfield tag="007">tu ||||||||||||||||||||</controlfield>
    <controlfield tag="008">130715|2013||||||||||||</controlfield>
    <datafield tag="020" ind1=" " ind2=" ">
      <subfield code="a">9789647793049</subfield>
      <subfield code="c">: EUR 49.00</subfield>
      <subfield code="9">978-964-7793-04-9</subfield>
    </datafield>
    <datafield tag="040" ind1=" " ind2=" ">
      <subfield code="a">DE-380</subfield>
    </datafield>
    <datafield tag="041" ind1=" " ind2=" ">
      <subfield code="a">per</subfield>
    </datafield>
    <datafield tag="087" ind1=" " ind2=" ">
      <subfield code="a">Uhs</subfield>
    </datafield>
    <datafield tag="090" ind1=" " ind2=" ">
      <subfield code="g">_</subfield>
    </datafield>
    <datafield tag="100" ind1="1" ind2=" ">
      <subfield code="a">Russell, Bertrand</subfield>
    </datafield>
    <datafield tag="245" ind1="0" ind2="0">
      <subfield code="a">Tārīkh-i falsafih-i gharb</subfield>
      <subfield code="c">Bertrand Russell</subfield>
    </datafield>
    <datafield tag="260" ind1=" " ind2=" ">
      <subfield code="a">Teheran</subfield>
      <subfield code="b">Parvāz</subfield>
      <subfield code="c">2015</subfield>
    </datafield>
    <datafield tag="300" ind1=" " ind2=" ">
      <subfield code="a">1039 S.</subfield>
    </datafield>
    <datafield tag="546" ind1=" " ind2=" ">
      <subfield code="a">Dansk titel: Vestens filosofi og dens sammenhæng med politiske og sociale forhold fra før Sokrates til vore dage</subfield>
    </datafield>
    <datafield tag="730" ind1="0" ind2=" ">
      <subfield code="a">History of Western philosophy</subfield>
      <subfield code="g">pers.</subfield>
    </datafield>
    <datafield tag="852" ind1=" " ind2=" ">
      <subfield code="c">Uhs Russell</subfield>
    </datafield>
    <datafield tag="992" ind1=" " ind2=" ">
      <subfield code="2">Uhs</subfield>
      <subfield code="5">Russell</subfield>
    </datafield>
    <datafield tag="997" ind1=" " ind2=" ">
      <subfield code="a">978-964-7793-04-9</subfield>
    </datafield>
  </record>