
  <record format="MARC21" type="Bibliographic">
    <leader>00000nhm  2200000|| 4001</leader>
    <controlfield tag="001">1160120</controlfield>
    <controlfield tag="007">tu ||||||||||||||||||||</controlfield>
    <controlfield tag="008">141027|1393 [2014]|||||</controlfield>
    <datafield tag="020" ind1=" " ind2=" ">
      <subfield code="a">978 9 64725959 0</subfield>
      <subfield code="c"> : EUR 14.00</subfield>
      <subfield code="9">978-964-7259-59-0</subfield>
    </datafield>
    <datafield tag="087" ind1=" " ind2=" ">
      <subfield code="a">Uhs</subfield>
    </datafield>
    <datafield tag="100" ind1="1" ind2=" ">
      <subfield code="a">Naǧafī, Farīda </subfield>
    </datafield>
    <datafield tag="245" ind1="1" ind2="0">
      <subfield code="a">Chashmʹhā-yi sargardān</subfield>
      <subfield code="c">Farīdah Najafī </subfield>
    </datafield>
    <datafield tag="260" ind1="3" ind2=" ">
      <subfield code="a">Tihrān</subfield>
      <subfield code="b">Shādān</subfield>
      <subfield code="c">1393 [2014]</subfield>
    </datafield>
    <datafield tag="300" ind1=" " ind2=" ">
      <subfield code="a">332 S.</subfield>
    </datafield>
    <datafield tag="852" ind1=" " ind2=" ">
      <subfield code="c">Uhs Naǧafī</subfield>
    </datafield>
    <datafield tag="992" ind1=" " ind2=" ">
      <subfield code="2">Uhs</subfield>
      <subfield code="5">Nagafi</subfield>
    </datafield>
  </record>