
  <record format="MARC21" type="Bibliographic">
    <leader>00000nhm  2200000|| 450 </leader>
    <controlfield tag="001">1160156</controlfield>
    <controlfield tag="003">DE-380</controlfield>
    <controlfield tag="005">20140719233621.0</controlfield>
    <controlfield tag="007">tu ||||||||||||||||||||</controlfield>
    <controlfield tag="008">040810|2000||||gw |||||</controlfield>
    <datafield tag="020" ind1=" " ind2=" ">
      <subfield code="a">978 3 49922544 4</subfield>
      <subfield code="c">kart. : EUR 9.99</subfield>
      <subfield code="9">978-3-499-22544-4</subfield>
    </datafield>
    <datafield tag="035" ind1=" " ind2=" ">
      <subfield code="a">T007666883</subfield>
    </datafield>
    <datafield tag="040" ind1=" " ind2=" ">
      <subfield code="a">DE-380</subfield>
    </datafield>
    <datafield tag="041" ind1=" " ind2=" ">
      <subfield code="a">ger</subfield>
    </datafield>
    <datafield tag="044" ind1=" " ind2=" ">
      <subfield code="a">gw</subfield>
      <subfield code="c">DE</subfield>
    </datafield>
    <datafield tag="087" ind1=" " ind2=" ">
      <subfield code="a">UA</subfield>
    </datafield>
    <datafield tag="090" ind1=" " ind2=" ">
      <subfield code="h">h</subfield>
    </datafield>
    <datafield tag="100" ind1="1" ind2=" ">
      <subfield code="a">Nabokov, Vladimir V.</subfield>
    </datafield>
    <datafield tag="245" ind1="0" ind2="0">
      <subfield code="a">Pnin</subfield>
      <subfield code="b">Roman</subfield>
      <subfield code="c">Vladimir Nabokov. Herausgegeben von Dieter E. Zimmer. Dt. von Dieter E. Zimmer</subfield>
    </datafield>
    <datafield tag="250" ind1=" " ind2=" ">
      <subfield code="a">10. Auflage</subfield>
    </datafield>
    <datafield tag="260" ind1=" " ind2=" ">
      <subfield code="a">Reinbek bei Hamburg</subfield>
      <subfield code="b">Rowohlt-Taschenbuch-Verl.</subfield>
      <subfield code="c">2015</subfield>
    </datafield>
    <datafield tag="300" ind1=" " ind2=" ">
      <subfield code="a">298 Seiten</subfield>
    </datafield>
    <datafield tag="490" ind1="0" ind2=" ">
      <subfield code="a">rororo</subfield>
      <subfield code="v">22544</subfield>
    </datafield>
    <datafield tag="546" ind1=" " ind2=" ">
      <subfield code="a">Aus dem Amerikan.</subfield>
    </datafield>
    <datafield tag="655" ind1=" " ind2="4">
      <subfield code="a">Belletristische Darstellung</subfield>
    </datafield>
    <datafield tag="700" ind1="1" ind2=" ">
      <subfield code="a">Zimmer, Dieter E. &lt;[Hrsg.]&gt;</subfield>
    </datafield>
    <datafield tag="700" ind1="1" ind2=" ">
      <subfield code="a">Zimmer, Dieter E. &lt;[Übers.]&gt;</subfield>
    </datafield>
    <datafield tag="730" ind1="0" ind2=" ">
      <subfield code="a">Pnin</subfield>
      <subfield code="g">dt.</subfield>
    </datafield>
    <datafield tag="852" ind1=" " ind2=" ">
      <subfield code="c">Ua Nabokov</subfield>
    </datafield>
    <datafield tag="992" ind1=" " ind2=" ">
      <subfield code="2">Ua</subfield>
      <subfield code="5">Nabokov</subfield>
    </datafield>
    <datafield tag="996" ind1=" " ind2=" ">
      <subfield code=" ">s   z DEz 17  </subfield>
    </datafield>
    <datafield tag="997" ind1=" " ind2=" ">
      <subfield code="a">9783499225444</subfield>
    </datafield>
  </record>