
  <record format="MARC21" type="Bibliographic">
    <leader>00000nhm  2200000|| 4001</leader>
    <controlfield tag="001">1160157</controlfield>
    <controlfield tag="003">DE-101</controlfield>
    <controlfield tag="005">20150407223148.0</controlfield>
    <controlfield tag="007">tu ||||||||||||||||||||</controlfield>
    <controlfield tag="008">150407s2015||||gw |||||</controlfield>
    <datafield tag="020" ind1=" " ind2=" ">
      <subfield code="a">9783834220110</subfield>
      <subfield code="c">: EUR 8.95</subfield>
      <subfield code="9">ISBN 978-3-8342-2011-0</subfield>
    </datafield>
    <datafield tag="040" ind1=" " ind2=" ">
      <subfield code="a">1245</subfield>
      <subfield code="b">ger</subfield>
      <subfield code="c">DE-101</subfield>
      <subfield code="d">9999</subfield>
    </datafield>
    <datafield tag="041" ind1=" " ind2=" ">
      <subfield code="a">ger</subfield>
    </datafield>
    <datafield tag="044" ind1=" " ind2=" ">
      <subfield code="c">XA-DE-BY</subfield>
    </datafield>
    <datafield tag="087" ind1=" " ind2=" ">
      <subfield code="a">FKK 2</subfield>
    </datafield>
    <datafield tag="245" ind1="1" ind2="0">
      <subfield code="a">Jerusalem</subfield>
      <subfield code="c">[Chefred. Andreas Hallaschka. Mitarb. dieser Ausg. Sebastian Schulin ...]</subfield>
    </datafield>
    <datafield tag="260" ind1="3" ind2=" ">
      <subfield code="a">Hamburg</subfield>
      <subfield code="b">Jahreszeiten-Verl.</subfield>
      <subfield code="c">2015</subfield>
    </datafield>
    <datafield tag="300" ind1=" " ind2=" ">
      <subfield code="a">132 S.</subfield>
      <subfield code="b">zahlr. Ill., Kt.</subfield>
    </datafield>
    <datafield tag="490" ind1="0" ind2=" ">
      <subfield code="a">Merian</subfield>
      <subfield code="v">Jg. 69, H. 1</subfield>
    </datafield>
    <datafield tag="852" ind1=" " ind2=" ">
      <subfield code="c">Fkk 2 Jerusalem</subfield>
    </datafield>
    <datafield tag="852" ind1=" " ind2=" ">
      <subfield code="c">Israel-6.4</subfield>
    </datafield>
    <datafield tag="856" ind1="4" ind2="2">
      <subfield code="q">text/html</subfield>
      <subfield code="u">http://deposit.d-nb.de/cgi-bin/dokserv?id=5198504&amp;prov=M&amp;dok_var=1&amp;dok_ext=htm</subfield>
      <subfield code="3">Inhaltstext</subfield>
    </datafield>
    <datafield tag="992" ind1=" " ind2=" ">
      <subfield code="2">Fkk</subfield>
      <subfield code="3">2</subfield>
      <subfield code="5">Jerusalem</subfield>
    </datafield>
  </record>