
  <record format="MARC21" type="Bibliographic">
    <leader>00000nhm  2200000|| 450 </leader>
    <controlfield tag="001">1160167</controlfield>
    <controlfield tag="003">DE-101</controlfield>
    <controlfield tag="005">20150701223031.0</controlfield>
    <controlfield tag="007">tu ||||||||||||||||||||</controlfield>
    <controlfield tag="008">141107s2015||||gw |||||</controlfield>
    <datafield tag="015" ind1=" " ind2=" ">
      <subfield code="a">15,A28</subfield>
      <subfield code="z">14,N46</subfield>
      <subfield code="2">dnb</subfield>
    </datafield>
    <datafield tag="016" ind1="7" ind2=" ">
      <subfield code="2">DE-101</subfield>
      <subfield code="a">1060572931</subfield>
    </datafield>
    <datafield tag="020" ind1=" " ind2=" ">
      <subfield code="a">9783864702532</subfield>
      <subfield code="c">Pp. : EUR 29.99 (DE), EUR 30.89 (AT), sfr 36.20 (freier Pr.)</subfield>
      <subfield code="9">978-3-86470-253-2</subfield>
    </datafield>
    <datafield tag="024" ind1="3" ind2=" ">
      <subfield code="a">9783864702532</subfield>
    </datafield>
    <datafield tag="035" ind1=" " ind2=" ">
      <subfield code="a">(DE-599)DNB1060572931</subfield>
    </datafield>
    <datafield tag="035" ind1=" " ind2=" ">
      <subfield code="a">(OCoLC)895313646</subfield>
    </datafield>
    <datafield tag="040" ind1=" " ind2=" ">
      <subfield code="a">1245</subfield>
      <subfield code="b">ger</subfield>
      <subfield code="c">DE-101</subfield>
      <subfield code="d">9999</subfield>
      <subfield code="e">rakwb</subfield>
    </datafield>
    <datafield tag="041" ind1=" " ind2=" ">
      <subfield code="a">ger</subfield>
      <subfield code="h">eng</subfield>
    </datafield>
    <datafield tag="044" ind1=" " ind2=" ">
      <subfield code="c">XA-DE-BY</subfield>
    </datafield>
    <datafield tag="082" ind1="0" ind2="4">
      <subfield code="8">1\x</subfield>
      <subfield code="a">332.6450973</subfield>
      <subfield code="q">DE-101</subfield>
      <subfield code="2">22/ger</subfield>
    </datafield>
    <datafield tag="083" ind1="0" ind2=" ">
      <subfield code="8">2\x</subfield>
      <subfield code="a">332.6320973</subfield>
      <subfield code="q">DE-101</subfield>
      <subfield code="2">22/ger</subfield>
    </datafield>
    <datafield tag="083" ind1="0" ind2=" ">
      <subfield code="8">3\x</subfield>
      <subfield code="a">333.33220973</subfield>
      <subfield code="q">DE-101</subfield>
      <subfield code="2">22/ger</subfield>
    </datafield>
    <datafield tag="083" ind1="7" ind2=" ">
      <subfield code="a">330</subfield>
      <subfield code="a">300</subfield>
      <subfield code="q">DE-101</subfield>
      <subfield code="2">23sdnb</subfield>
    </datafield>
    <datafield tag="084" ind1=" " ind2=" ">
      <subfield code="a">330</subfield>
      <subfield code="a">300</subfield>
      <subfield code="q">DE-101</subfield>
      <subfield code="2">sdnb</subfield>
    </datafield>
    <datafield tag="087" ind1=" " ind2=" ">
      <subfield code="a">QBN 1</subfield>
    </datafield>
    <datafield tag="090" ind1=" " ind2=" ">
      <subfield code="a">b</subfield>
    </datafield>
    <datafield tag="100" ind1="1" ind2=" ">
      <subfield code="0">(DE-588)122471156</subfield>
      <subfield code="0">(DE-101)122471156</subfield>
      <subfield code="a">Shiller, Robert J.</subfield>
      <subfield code="d">1946-</subfield>
      <subfield code="4">aut</subfield>
    </datafield>
    <datafield tag="245" ind1="1" ind2="0">
      <subfield code="a">Irrationaler Überschwang</subfield>
      <subfield code="c">Robert J. Shiller. [Übers.: Egbert Neumüller]</subfield>
    </datafield>
    <datafield tag="250" ind1=" " ind2=" ">
      <subfield code="a">3., erw. und komplett überarb. Aufl.</subfield>
    </datafield>
    <datafield tag="259" ind1=" " ind2=" ">
      <subfield code="a">13</subfield>
    </datafield>
    <datafield tag="260" ind1="3" ind2=" ">
      <subfield code="a">Kulmbach</subfield>
      <subfield code="b">Plassen-Verl.</subfield>
      <subfield code="c">2015</subfield>
    </datafield>
    <datafield tag="300" ind1=" " ind2=" ">
      <subfield code="a">431 S.</subfield>
      <subfield code="b">graph. Darst.</subfield>
      <subfield code="c">21 cm</subfield>
    </datafield>
    <datafield tag="500" ind1=" " ind2=" ">
      <subfield code="a">Literaturangaben</subfield>
    </datafield>
    <datafield tag="650" ind1=" " ind2="7">
      <subfield code="0">(DE-588)4130931-5</subfield>
      <subfield code="0">(DE-101)041309316</subfield>
      <subfield code="a">Aktienmarkt</subfield>
      <subfield code="2">gnd</subfield>
    </datafield>
    <datafield tag="650" ind1=" " ind2="7">
      <subfield code="0">(DE-588)4068500-7</subfield>
      <subfield code="0">(DE-101)040685004</subfield>
      <subfield code="a">Aktienbörse</subfield>
      <subfield code="2">gnd</subfield>
    </datafield>
    <datafield tag="650" ind1=" " ind2="7">
      <subfield code="0">(DE-588)4123416-9</subfield>
      <subfield code="0">(DE-101)041234162</subfield>
      <subfield code="a">Immobilienmarkt</subfield>
      <subfield code="2">gnd</subfield>
    </datafield>
    <datafield tag="650" ind1=" " ind2="7">
      <subfield code="0">(DE-588)4177794-3</subfield>
      <subfield code="0">(DE-101)041777948</subfield>
      <subfield code="a">Rentenmarkt</subfield>
      <subfield code="2">gnd</subfield>
    </datafield>
    <datafield tag="650" ind1=" " ind2="7">
      <subfield code="0">(DE-588)4214003-1</subfield>
      <subfield code="0">(DE-101)04214003X</subfield>
      <subfield code="a">Anlageverhalten</subfield>
      <subfield code="2">gnd</subfield>
    </datafield>
    <datafield tag="650" ind1=" " ind2="7">
      <subfield code="0">(DE-588)4450213-8</subfield>
      <subfield code="0">(DE-101)95020174X</subfield>
      <subfield code="a">Spekulative Blase</subfield>
      <subfield code="2">gnd</subfield>
    </datafield>
    <datafield tag="650" ind1=" " ind2="7">
      <subfield code="0">(DE-588)4125264-0</subfield>
      <subfield code="0">(DE-101)041252640</subfield>
      <subfield code="a">Kapitalmarkteffizienz</subfield>
      <subfield code="2">gnd</subfield>
    </datafield>
    <datafield tag="650" ind1=" " ind2="7">
      <subfield code="0">(DE-588)4035408-8</subfield>
      <subfield code="0">(DE-101)040354083</subfield>
      <subfield code="a">Lernen</subfield>
      <subfield code="2">gnd</subfield>
    </datafield>
    <datafield tag="650" ind1=" " ind2="7">
      <subfield code="0">(DE-588)4162427-0</subfield>
      <subfield code="0">(DE-101)041624270</subfield>
      <subfield code="a">Irrationalität</subfield>
      <subfield code="2">gnd</subfield>
    </datafield>
    <datafield tag="651" ind1=" " ind2="7">
      <subfield code="0">(DE-588)4078704-7</subfield>
      <subfield code="0">(DE-101)040787044</subfield>
      <subfield code="a">USA</subfield>
      <subfield code="2">gnd</subfield>
    </datafield>
    <datafield tag="689" ind1="0" ind2="0">
      <subfield code="0">(DE-588)4078704-7</subfield>
      <subfield code="0">(DE-101)040787044</subfield>
      <subfield code="D">g</subfield>
      <subfield code="a">USA</subfield>
    </datafield>
    <datafield tag="689" ind1="0" ind2="1">
      <subfield code="0">(DE-588)4130931-5</subfield>
      <subfield code="0">(DE-101)041309316</subfield>
      <subfield code="D">s</subfield>
      <subfield code="a">Aktienmarkt</subfield>
    </datafield>
    <datafield tag="689" ind1="0" ind2="2">
      <subfield code="0">(DE-588)4068500-7</subfield>
      <subfield code="0">(DE-101)040685004</subfield>
      <subfield code="D">s</subfield>
      <subfield code="a">Aktienbörse</subfield>
    </datafield>
    <datafield tag="689" ind1="0" ind2="3">
      <subfield code="0">(DE-588)4123416-9</subfield>
      <subfield code="0">(DE-101)041234162</subfield>
      <subfield code="D">s</subfield>
      <subfield code="a">Immobilienmarkt</subfield>
    </datafield>
    <datafield tag="689" ind1="0" ind2="4">
      <subfield code="0">(DE-588)4177794-3</subfield>
      <subfield code="0">(DE-101)041777948</subfield>
      <subfield code="D">s</subfield>
      <subfield code="a">Rentenmarkt</subfield>
    </datafield>
    <datafield tag="689" ind1="0" ind2="5">
      <subfield code="0">(DE-588)4214003-1</subfield>
      <subfield code="0">(DE-101)04214003X</subfield>
      <subfield code="D">s</subfield>
      <subfield code="a">Anlageverhalten</subfield>
    </datafield>
    <datafield tag="689" ind1="0" ind2="5">
      <subfield code="0">(DE-588)4450213-8</subfield>
      <subfield code="0">(DE-101)95020174X</subfield>
      <subfield code="D">s</subfield>
      <subfield code="a">Spekulative Blase</subfield>
    </datafield>
    <datafield tag="689" ind1="0" ind2="5">
      <subfield code="0">(DE-588)4125264-0</subfield>
      <subfield code="0">(DE-101)041252640</subfield>
      <subfield code="D">s</subfield>
      <subfield code="a">Kapitalmarkteffizienz</subfield>
    </datafield>
    <datafield tag="689" ind1="0" ind2="5">
      <subfield code="0">(DE-588)4035408-8</subfield>
      <subfield code="0">(DE-101)040354083</subfield>
      <subfield code="D">s</subfield>
      <subfield code="a">Lernen</subfield>
    </datafield>
    <datafield tag="689" ind1="0" ind2="5">
      <subfield code="0">(DE-588)4162427-0</subfield>
      <subfield code="0">(DE-101)041624270</subfield>
      <subfield code="D">s</subfield>
      <subfield code="a">Irrationalität</subfield>
    </datafield>
    <datafield tag="689" ind1="0" ind2=" ">
      <subfield code="5">DE-101</subfield>
      <subfield code="5">DE-101</subfield>
    </datafield>
    <datafield tag="730" ind1="0" ind2=" ">
      <subfield code="a">Irrational exuberance</subfield>
      <subfield code="g">dt.</subfield>
    </datafield>
    <datafield tag="852" ind1=" " ind2=" ">
      <subfield code="c">Qbn 1 Shiller</subfield>
    </datafield>
    <datafield tag="856" ind1="4" ind2="2">
      <subfield code="m">B:DE-101</subfield>
      <subfield code="q">application/pdf</subfield>
      <subfield code="u">http://d-nb.info/1060572931/04</subfield>
      <subfield code="3">Inhaltsverzeichnis</subfield>
    </datafield>
    <datafield tag="856" ind1="4" ind2="2">
      <subfield code="m">X:MVB</subfield>
      <subfield code="q">text/html</subfield>
      <subfield code="u">http://deposit.d-nb.de/cgi-bin/dokserv?id=4820204&amp;prov=M&amp;dok_var=1&amp;dok_ext=htm</subfield>
      <subfield code="3">Inhaltstext</subfield>
    </datafield>
    <datafield tag="992" ind1=" " ind2=" ">
      <subfield code="2">Qbn</subfield>
      <subfield code="3">1</subfield>
      <subfield code="5">Shiller</subfield>
    </datafield>
    <datafield tag="997" ind1=" " ind2=" ">
      <subfield code="a">1060572931</subfield>
    </datafield>
  </record>