
  <record format="MARC21" type="Bibliographic">
    <leader>00000nhm  2200000|| 450 </leader>
    <controlfield tag="001">1160168</controlfield>
    <controlfield tag="003">DE-101</controlfield>
    <controlfield tag="005">20150826223323.0</controlfield>
    <controlfield tag="007">tu ||||||||||||||||||||</controlfield>
    <controlfield tag="008">150826s2015||||gw |||||</controlfield>
    <datafield tag="015" ind1=" " ind2=" ">
      <subfield code="a">15,N36</subfield>
      <subfield code="2">dnb</subfield>
    </datafield>
    <datafield tag="016" ind1="7" ind2=" ">
      <subfield code="2">DE-101</subfield>
      <subfield code="a">107582057X</subfield>
    </datafield>
    <datafield tag="020" ind1=" " ind2=" ">
      <subfield code="a">9783453266735</subfield>
      <subfield code="c">: EUR 19.99 (DE), EUR 20.60 (AT), sfr 26.90 (freier Pr.)</subfield>
      <subfield code="9">978-3-453-26673-5</subfield>
    </datafield>
    <datafield tag="020" ind1=" " ind2=" ">
      <subfield code="a">3453266730</subfield>
      <subfield code="9">3-453-26673-0</subfield>
    </datafield>
    <datafield tag="024" ind1="3" ind2=" ">
      <subfield code="a">9783453266735</subfield>
    </datafield>
    <datafield tag="035" ind1=" " ind2=" ">
      <subfield code="a">(DE-599)DNB107582057X</subfield>
    </datafield>
    <datafield tag="040" ind1=" " ind2=" ">
      <subfield code="a">1245</subfield>
      <subfield code="b">ger</subfield>
      <subfield code="c">DE-101</subfield>
      <subfield code="d">9999</subfield>
    </datafield>
    <datafield tag="041" ind1=" " ind2=" ">
      <subfield code="a">ger</subfield>
    </datafield>
    <datafield tag="044" ind1=" " ind2=" ">
      <subfield code="c">XA-DE-BY</subfield>
    </datafield>
    <datafield tag="082" ind1="7" ind2="4">
      <subfield code="8">1\p</subfield>
      <subfield code="a">830</subfield>
      <subfield code="a">B</subfield>
      <subfield code="q">DE-101</subfield>
      <subfield code="2">23sdnb</subfield>
    </datafield>
    <datafield tag="084" ind1=" " ind2=" ">
      <subfield code="a">830</subfield>
      <subfield code="a">B</subfield>
      <subfield code="q">DE-101</subfield>
      <subfield code="2">sdnb</subfield>
    </datafield>
    <datafield tag="087" ind1=" " ind2=" ">
      <subfield code="a">U </subfield>
    </datafield>
    <datafield tag="100" ind1="1" ind2=" ">
      <subfield code="a">Berndorf, Jacques</subfield>
      <subfield code="4">aut</subfield>
    </datafield>
    <datafield tag="245" ind1="1" ind2="0">
      <subfield code="a">Lockvogel</subfield>
      <subfield code="b">Roman</subfield>
      <subfield code="c">Jacques Berndorf</subfield>
    </datafield>
    <datafield tag="260" ind1="3" ind2=" ">
      <subfield code="a">München</subfield>
      <subfield code="b">Heyne HC</subfield>
      <subfield code="c">2015</subfield>
    </datafield>
    <datafield tag="263" ind1=" " ind2=" ">
      <subfield code="a">201511</subfield>
    </datafield>
    <datafield tag="300" ind1=" " ind2=" ">
      <subfield code="a">352 S.</subfield>
      <subfield code="c">21.5 cm x 13.5 cm</subfield>
    </datafield>
    <datafield tag="655" ind1=" " ind2="7">
      <subfield code="0">(DE-101)1010874802</subfield>
      <subfield code="a">Krimis, Thriller, Spionage</subfield>
      <subfield code="2">gatbeg</subfield>
    </datafield>
    <datafield tag="710" ind1="2" ind2=" ">
      <subfield code="0">(DE-588)1064195180</subfield>
      <subfield code="0">(DE-101)1064195180</subfield>
      <subfield code="a">Heyne HC</subfield>
      <subfield code="4">pbl</subfield>
    </datafield>
    <datafield tag="852" ind1=" " ind2=" ">
      <subfield code="c">U *Krimi/Thriller* Berndorf, Jacques</subfield>
    </datafield>
    <datafield tag="856" ind1="4" ind2="2">
      <subfield code="m">X:MVB</subfield>
      <subfield code="q">text/html</subfield>
      <subfield code="u">http://deposit.d-nb.de/cgi-bin/dokserv?id=0d85d203b0444d59a80e2b395be60be0&amp;prov=M&amp;dok_var=1&amp;dok_ext=htm</subfield>
      <subfield code="3">Inhaltstext</subfield>
    </datafield>
    <datafield tag="992" ind1=" " ind2=" ">
      <subfield code="1">*Krimi/Thriller*</subfield>
      <subfield code="2">U</subfield>
      <subfield code="5">Berndorf, Jacque</subfield>
    </datafield>
    <datafield tag="997" ind1=" " ind2=" ">
      <subfield code="a">107582057X</subfield>
    </datafield>
  </record>