
  <record format="MARC21" type="Bibliographic">
    <leader>00000num  2200000|| 450 </leader>
    <controlfield tag="001">1160181</controlfield>
    <controlfield tag="003">DE-101</controlfield>
    <controlfield tag="005">20150216233126.0</controlfield>
    <controlfield tag="007">tu ||||||||||||||||||||</controlfield>
    <controlfield tag="008">141113s2014||||gw |||||</controlfield>
    <datafield tag="015" ind1=" " ind2=" ">
      <subfield code="a">15,A09</subfield>
      <subfield code="z">14,N47</subfield>
      <subfield code="2">dnb</subfield>
    </datafield>
    <datafield tag="016" ind1="7" ind2=" ">
      <subfield code="2">DE-101</subfield>
      <subfield code="a">1060872978</subfield>
    </datafield>
    <datafield tag="020" ind1=" " ind2=" ">
      <subfield code="a">9783894172350</subfield>
      <subfield code="c">Pp. : EUR 38.00 (DE), EUR 39.10 (AT), sfr 50.90 (freier Pr.)</subfield>
      <subfield code="9">978-3-89417-235-0</subfield>
    </datafield>
    <datafield tag="024" ind1="3" ind2=" ">
      <subfield code="a">9783894172350</subfield>
    </datafield>
    <datafield tag="035" ind1=" " ind2=" ">
      <subfield code="a">(DE-599)DNB1060872978</subfield>
    </datafield>
    <datafield tag="035" ind1=" " ind2=" ">
      <subfield code="a">(OCoLC)896746370</subfield>
    </datafield>
    <datafield tag="040" ind1=" " ind2=" ">
      <subfield code="a">1145</subfield>
      <subfield code="b">ger</subfield>
      <subfield code="c">DE-101</subfield>
      <subfield code="d">9999</subfield>
      <subfield code="e">rakwb</subfield>
    </datafield>
    <datafield tag="041" ind1=" " ind2=" ">
      <subfield code="a">ger</subfield>
    </datafield>
    <datafield tag="044" ind1=" " ind2=" ">
      <subfield code="c">XA-DE-NW</subfield>
    </datafield>
    <datafield tag="082" ind1="7" ind2="4">
      <subfield code="a">796</subfield>
      <subfield code="q">DE-101</subfield>
      <subfield code="2">23sdnb</subfield>
    </datafield>
    <datafield tag="084" ind1=" " ind2=" ">
      <subfield code="a">796</subfield>
      <subfield code="q">DE-101</subfield>
      <subfield code="2">sdnb</subfield>
    </datafield>
    <datafield tag="090" ind1=" " ind2=" ">
      <subfield code="a">b</subfield>
    </datafield>
    <datafield tag="245" ind1="1" ind2="0">
      <subfield code="a">Kinder- und Jugendfussball - Ausbilden mit Konzept</subfield>
      <subfield code="n">2.</subfield>
      <subfield code="p">D- und C-Junioren / Jörg Daniel ; Kathrin Peter ; Norbert Vieth</subfield>
      <subfield code="c">Deutscher Fussball-Bund</subfield>
    </datafield>
    <datafield tag="250" ind1=" " ind2=" ">
      <subfield code="a">1. Aufl.</subfield>
    </datafield>
    <datafield tag="259" ind1=" " ind2=" ">
      <subfield code="a">11</subfield>
    </datafield>
    <datafield tag="260" ind1="3" ind2=" ">
      <subfield code="a">Münster</subfield>
      <subfield code="b">Philippka-Sportverl.</subfield>
      <subfield code="c">2014</subfield>
    </datafield>
    <datafield tag="300" ind1=" " ind2=" ">
      <subfield code="a">448 S.</subfield>
      <subfield code="b">zahlr. Ill. und graph. Darst.</subfield>
    </datafield>
    <datafield tag="700" ind1="1" ind2=" ">
      <subfield code="0">(DE-588)118026852</subfield>
      <subfield code="0">(DE-101)118026852</subfield>
      <subfield code="a">Daniel, Jörg</subfield>
      <subfield code="d">1951-</subfield>
      <subfield code="4">ctb</subfield>
    </datafield>
    <datafield tag="700" ind1="1" ind2=" ">
      <subfield code="0">(DE-588)142305804</subfield>
      <subfield code="0">(DE-101)142305804</subfield>
      <subfield code="a">Peter, Kathrin</subfield>
      <subfield code="4">ctb</subfield>
    </datafield>
    <datafield tag="700" ind1="1" ind2=" ">
      <subfield code="0">(DE-588)122426282</subfield>
      <subfield code="0">(DE-101)122426282</subfield>
      <subfield code="a">Vieth, Norbert</subfield>
      <subfield code="4">ctb</subfield>
    </datafield>
    <datafield tag="710" ind1="2" ind2=" ">
      <subfield code="a">Deutscher Fussball-Bund</subfield>
    </datafield>
    <datafield tag="773" ind1="0" ind2="8">
      <subfield code="q">12</subfield>
    </datafield>
    <datafield tag="773" ind1="0" ind2="8">
      <subfield code="w">1160180</subfield>
    </datafield>
    <datafield tag="852" ind1=" " ind2=" ">
      <subfield code="c">Xaq 1 Kinder- und Jugendfussball</subfield>
    </datafield>
    <datafield tag="856" ind1="4" ind2="2">
      <subfield code="m">B:DE-101</subfield>
      <subfield code="q">application/pdf</subfield>
      <subfield code="u">http://d-nb.info/1060872978/04</subfield>
      <subfield code="3">Inhaltsverzeichnis</subfield>
    </datafield>
    <datafield tag="856" ind1="4" ind2="2">
      <subfield code="m">X:MVB</subfield>
      <subfield code="q">text/html</subfield>
      <subfield code="u">http://deposit.d-nb.de/cgi-bin/dokserv?id=4824123&amp;prov=M&amp;dok_var=1&amp;dok_ext=htm</subfield>
      <subfield code="3">Inhaltstext</subfield>
    </datafield>
    <datafield tag="992" ind1=" " ind2=" ">
      <subfield code="2">Xaq</subfield>
      <subfield code="3">1</subfield>
      <subfield code="5">Kinder- und Juge</subfield>
    </datafield>
    <datafield tag="997" ind1=" " ind2=" ">
      <subfield code="a">1060872978</subfield>
    </datafield>
    <datafield tag="998" ind1="0" ind2="8">
      <subfield code="w">(DE-101)1066828520</subfield>
    </datafield>
  </record>