
  <record format="MARC21" type="Bibliographic">
    <leader>00000nhm  2200000|| 4001</leader>
    <controlfield tag="001">1160184</controlfield>
    <controlfield tag="007">tu ||||||||||||||||||||</controlfield>
    <controlfield tag="008">160104|1978|||||||||||||||||||||||||||||</controlfield>
    <datafield tag="020" ind1=" " ind2=" ">
      <subfield code="9">3-87909-092-0</subfield>
    </datafield>
    <datafield tag="087" ind1=" " ind2=" ">
      <subfield code="a">UK</subfield>
    </datafield>
    <datafield tag="245" ind1="1" ind2="0">
      <subfield code="a">Des Kunckels odder Spinnrockens Evangelia vom Montag an biss auff Sambstag mitsampt den Glossen zu Ehren den Frawen beschrieben</subfield>
      <subfield code="b">Faksimileausg. des Volksbuches von 1537 gedr. in Köln bei St. Lupus</subfield>
      <subfield code="c">Hrsg. und übers. von Hans-Joachim Koppitz</subfield>
    </datafield>
    <datafield tag="260" ind1="3" ind2=" ">
      <subfield code="a">Köln</subfield>
      <subfield code="b">Wienand</subfield>
      <subfield code="c">1978</subfield>
    </datafield>
    <datafield tag="300" ind1=" " ind2=" ">
      <subfield code="a">153 S., Ill.</subfield>
    </datafield>
    <datafield tag="490" ind1="1" ind2=" ">
      <subfield code="a">Alte Kölner Volksbücher</subfield>
      <subfield code="v">3. Druck</subfield>
    </datafield>
    <datafield tag="500" ind1=" " ind2=" ">
      <subfield code="a">LiK</subfield>
    </datafield>
    <datafield tag="500" ind1=" " ind2=" ">
      <subfield code="a">Dieses Ex. trägt die Nr. 322</subfield>
    </datafield>
    <datafield tag="700" ind1="1" ind2=" ">
      <subfield code="a">KOPPITZ, HANS-JOACHIM [Hrsg.]</subfield>
    </datafield>
    <datafield tag="852" ind1=" " ind2=" ">
      <subfield code="c">*LiK* Uk Kunckels oder Spinnrockens</subfield>
    </datafield>
  </record>