
  <record format="MARC21" type="Bibliographic">
    <leader>00000nhm  2200000|| 4001</leader>
    <controlfield tag="001">1160188</controlfield>
    <controlfield tag="007">tu ||||||||||||||||||||</controlfield>
    <controlfield tag="008">160104|||||||||||||||||</controlfield>
    <datafield tag="020" ind1=" " ind2=" ">
      <subfield code="9">3-506-78112-x</subfield>
    </datafield>
    <datafield tag="087" ind1=" " ind2=" ">
      <subfield code="a">HDN 3</subfield>
    </datafield>
    <datafield tag="245" ind1="1" ind2="0">
      <subfield code="a">Literatur und Provinz</subfield>
      <subfield code="b">Das Konzept "Heimat" in der neueren Literatur</subfield>
      <subfield code="c">Hans-Georg Pott &lt;Hrsg.></subfield>
    </datafield>
    <datafield tag="260" ind1="3" ind2=" ">
      <subfield code="a">Paderborn</subfield>
      <subfield code="b">Schöningh</subfield>
      <subfield code="c">1986</subfield>
    </datafield>
    <datafield tag="300" ind1=" " ind2=" ">
      <subfield code="a">200 S.</subfield>
    </datafield>
    <datafield tag="490" ind1="1" ind2=" ">
      <subfield code="a">Schriften des Eichendorff-Instituts an der Universität Düsseldorf</subfield>
    </datafield>
    <datafield tag="500" ind1=" " ind2=" ">
      <subfield code="a">LiK</subfield>
    </datafield>
    <datafield tag="700" ind1="1" ind2=" ">
      <subfield code="a">POTT, HANS-GEORG [Hrsg.]</subfield>
    </datafield>
    <datafield tag="852" ind1=" " ind2=" ">
      <subfield code="c">*LiK* Hdn 3 Literatur und Provinz</subfield>
    </datafield>
  </record>