
  <record format="MARC21" type="Bibliographic">
    <leader>00000nhm  2200000|| 4001</leader>
    <controlfield tag="001">1160198</controlfield>
    <controlfield tag="008">160104s                            DEU d</controlfield>
    <datafield tag="020" ind1=" " ind2=" ">
      <subfield code="a">978 3 76981773 7 :</subfield>
      <subfield code="c">19.95</subfield>
    </datafield>
    <datafield tag="041" ind1=" " ind2=" ">
      <subfield code="a">DEU</subfield>
      <subfield code="h">DEU</subfield>
    </datafield>
    <datafield tag="100" ind1="0" ind2=" ">
      <subfield code="a">Liebertz, Charmaine</subfield>
    </datafield>
    <datafield tag="245" ind1="0" ind2="0">
      <subfield code="a">Schatzbuch des Lachens</subfield>
      <subfield code="c">Liebertz, Charmaine</subfield>
    </datafield>
    <datafield tag="852" ind1="0" ind2=" ">
      <subfield code="a">Ee</subfield>
    </datafield>
  </record>