
  <record format="MARC21" type="Bibliographic">
    <leader>00000nhm  2200000|| 450 </leader>
    <controlfield tag="001">1160205</controlfield>
    <controlfield tag="003">DE-101</controlfield>
    <controlfield tag="005">20151113224508.0</controlfield>
    <controlfield tag="007">tu ||||||||||||||||||||</controlfield>
    <controlfield tag="008">150327s2015||||gw |||||</controlfield>
    <datafield tag="015" ind1=" " ind2=" ">
      <subfield code="a">15,A47</subfield>
      <subfield code="z">15,N14</subfield>
      <subfield code="2">dnb</subfield>
    </datafield>
    <datafield tag="016" ind1="7" ind2=" ">
      <subfield code="2">DE-101</subfield>
      <subfield code="a">1068989467</subfield>
    </datafield>
    <datafield tag="020" ind1=" " ind2=" ">
      <subfield code="a">9783662453650</subfield>
      <subfield code="c">Pp. : EUR 19.99 (DE), EUR 20.55 (AT), sfr 21.50 (freier Pr.)</subfield>
      <subfield code="9">978-3-662-45365-0</subfield>
    </datafield>
    <datafield tag="020" ind1=" " ind2=" ">
      <subfield code="a">3662453657</subfield>
      <subfield code="9">3-662-45365-7</subfield>
    </datafield>
    <datafield tag="024" ind1="3" ind2=" ">
      <subfield code="a">9783662453650</subfield>
    </datafield>
    <datafield tag="028" ind1="5" ind2="2">
      <subfield code="a">Best.-Nr.: 978-3-662-45365-0</subfield>
    </datafield>
    <datafield tag="035" ind1=" " ind2=" ">
      <subfield code="a">(DE-599)DNB1068989467</subfield>
    </datafield>
    <datafield tag="035" ind1=" " ind2=" ">
      <subfield code="a">(OCoLC)906177640</subfield>
    </datafield>
    <datafield tag="040" ind1=" " ind2=" ">
      <subfield code="a">1145</subfield>
      <subfield code="b">ger</subfield>
      <subfield code="c">DE-101</subfield>
      <subfield code="d">9999</subfield>
    </datafield>
    <datafield tag="041" ind1=" " ind2=" ">
      <subfield code="a">ger</subfield>
    </datafield>
    <datafield tag="044" ind1=" " ind2=" ">
      <subfield code="c">XA-DE-BE</subfield>
    </datafield>
    <datafield tag="082" ind1="0" ind2="4">
      <subfield code="8">1\x</subfield>
      <subfield code="a">156</subfield>
      <subfield code="q">DE-101</subfield>
      <subfield code="2">22/ger</subfield>
    </datafield>
    <datafield tag="083" ind1="7" ind2=" ">
      <subfield code="a">150</subfield>
      <subfield code="a">300</subfield>
      <subfield code="a">570</subfield>
      <subfield code="q">DE-101</subfield>
      <subfield code="2">23sdnb</subfield>
    </datafield>
    <datafield tag="084" ind1=" " ind2=" ">
      <subfield code="a">150</subfield>
      <subfield code="a">300</subfield>
      <subfield code="a">570</subfield>
      <subfield code="q">DE-101</subfield>
      <subfield code="2">sdnb</subfield>
    </datafield>
    <datafield tag="087" ind1=" " ind2=" ">
      <subfield code="a">SGP 6</subfield>
    </datafield>
    <datafield tag="090" ind1=" " ind2=" ">
      <subfield code="a">b</subfield>
    </datafield>
    <datafield tag="100" ind1="1" ind2=" ">
      <subfield code="0">(DE-588)13173900X</subfield>
      <subfield code="0">(DE-101)13173900X</subfield>
      <subfield code="a">Kühnen, Ulrich</subfield>
      <subfield code="4">aut</subfield>
    </datafield>
    <datafield tag="245" ind1="1" ind2="0">
      <subfield code="a">Tierisch kultiviert - menschliches Verhalten zwischen Kultur und Evolution</subfield>
      <subfield code="c">Ulrich Kühnen</subfield>
    </datafield>
    <datafield tag="264" ind1=" " ind2="1">
      <subfield code="a">Berlin</subfield>
      <subfield code="a">Heidelberg</subfield>
      <subfield code="b">Springer Spektrum</subfield>
      <subfield code="c">2015</subfield>
    </datafield>
    <datafield tag="300" ind1=" " ind2=" ">
      <subfield code="a">XII, 293 S.</subfield>
      <subfield code="b">Ill., graph. Darst.</subfield>
      <subfield code="c">19 cm</subfield>
    </datafield>
    <datafield tag="500" ind1=" " ind2=" ">
      <subfield code="a">Literaturangaben</subfield>
    </datafield>
    <datafield tag="650" ind1=" " ind2="7">
      <subfield code="0">(DE-588)4062860-7</subfield>
      <subfield code="0">(DE-101)040628604</subfield>
      <subfield code="a">Verhalten</subfield>
      <subfield code="2">gnd</subfield>
    </datafield>
    <datafield tag="650" ind1=" " ind2="7">
      <subfield code="0">(DE-588)4071050-6</subfield>
      <subfield code="0">(DE-101)040710505</subfield>
      <subfield code="a">Evolution</subfield>
      <subfield code="2">gnd</subfield>
    </datafield>
    <datafield tag="650" ind1=" " ind2="7">
      <subfield code="0">(DE-588)7663051-1</subfield>
      <subfield code="0">(DE-101)994865228</subfield>
      <subfield code="a">Evolutionäre Entwicklungsbiologie</subfield>
      <subfield code="2">gnd</subfield>
    </datafield>
    <datafield tag="650" ind1=" " ind2="7">
      <subfield code="0">(DE-588)4636472-9</subfield>
      <subfield code="0">(DE-101)961543965</subfield>
      <subfield code="a">Evolutionspsychologie</subfield>
      <subfield code="2">gnd</subfield>
    </datafield>
    <datafield tag="650" ind1=" " ind2="7">
      <subfield code="0">(DE-588)4125698-0</subfield>
      <subfield code="0">(DE-101)041256980</subfield>
      <subfield code="a">Kultur</subfield>
      <subfield code="2">gnd</subfield>
    </datafield>
    <datafield tag="689" ind1="0" ind2="0">
      <subfield code="0">(DE-588)4062860-7</subfield>
      <subfield code="0">(DE-101)040628604</subfield>
      <subfield code="D">s</subfield>
      <subfield code="a">Verhalten</subfield>
    </datafield>
    <datafield tag="689" ind1="0" ind2="1">
      <subfield code="0">(DE-588)4071050-6</subfield>
      <subfield code="0">(DE-101)040710505</subfield>
      <subfield code="D">s</subfield>
      <subfield code="a">Evolution</subfield>
    </datafield>
    <datafield tag="689" ind1="0" ind2="2">
      <subfield code="0">(DE-588)7663051-1</subfield>
      <subfield code="0">(DE-101)994865228</subfield>
      <subfield code="D">s</subfield>
      <subfield code="a">Evolutionäre Entwicklungsbiologie</subfield>
    </datafield>
    <datafield tag="689" ind1="0" ind2="3">
      <subfield code="0">(DE-588)4636472-9</subfield>
      <subfield code="0">(DE-101)961543965</subfield>
      <subfield code="D">s</subfield>
      <subfield code="a">Evolutionspsychologie</subfield>
    </datafield>
    <datafield tag="689" ind1="0" ind2="4">
      <subfield code="0">(DE-588)4125698-0</subfield>
      <subfield code="0">(DE-101)041256980</subfield>
      <subfield code="D">s</subfield>
      <subfield code="a">Kultur</subfield>
    </datafield>
    <datafield tag="689" ind1="0" ind2=" ">
      <subfield code="5">DE-101</subfield>
      <subfield code="5">DE-101</subfield>
    </datafield>
    <datafield tag="700" ind1="1" ind2=" ">
      <subfield code="0">(DE-588)111147697</subfield>
      <subfield code="0">(DE-101)111147697</subfield>
      <subfield code="a">Meyer, Stephan</subfield>
      <subfield code="4">ill</subfield>
      <subfield code="e">Ill.</subfield>
    </datafield>
    <datafield tag="776" ind1="0" ind2="8">
      <subfield code="i">Online-Ausg.</subfield>
      <subfield code="z">9783662453667</subfield>
    </datafield>
    <datafield tag="776" ind1="0" ind2="8">
      <subfield code="i">Online-Ausg.</subfield>
      <subfield code="a">Kühnen, Ulrich</subfield>
      <subfield code="t">Tierisch kultiviert - Menschliches Verhalten zwischen Kultur und Evolution</subfield>
      <subfield code="d">Berlin, Heidelberg : Springer Berlin Heidelberg, 2015</subfield>
      <subfield code="h">Online-Ressource</subfield>
      <subfield code="w">(DE-101)107137219X</subfield>
    </datafield>
    <datafield tag="852" ind1=" " ind2=" ">
      <subfield code="c">Sgp 6 Kühnen</subfield>
    </datafield>
    <datafield tag="856" ind1="4" ind2="2">
      <subfield code="m">B:DE-101</subfield>
      <subfield code="q">application/pdf</subfield>
      <subfield code="u">http://d-nb.info/1068989467/04</subfield>
      <subfield code="3">Inhaltsverzeichnis</subfield>
    </datafield>
    <datafield tag="856" ind1="4" ind2="2">
      <subfield code="m">X:MVB</subfield>
      <subfield code="q">text/html</subfield>
      <subfield code="u">http://deposit.d-nb.de/cgi-bin/dokserv?id=5192170&amp;prov=M&amp;dok_var=1&amp;dok_ext=htm</subfield>
      <subfield code="3">Inhaltstext</subfield>
    </datafield>
    <datafield tag="992" ind1=" " ind2=" ">
      <subfield code="2">Sgp</subfield>
      <subfield code="3">6</subfield>
      <subfield code="5">Kühnen</subfield>
    </datafield>
    <datafield tag="997" ind1=" " ind2=" ">
      <subfield code="a">1068989467</subfield>
    </datafield>
  </record>