
  <record format="MARC21" type="Bibliographic">
    <leader>00000nhm  2200000|| 450 </leader>
    <controlfield tag="001">1160223</controlfield>
    <controlfield tag="003">DE-380</controlfield>
    <controlfield tag="005">20140719233719.0</controlfield>
    <controlfield tag="007">tu ||||||||||||||||||||</controlfield>
    <controlfield tag="008">131204|2013||||gw |||||</controlfield>
    <datafield tag="020" ind1=" " ind2=" ">
      <subfield code="a">9783525369449</subfield>
      <subfield code="9">978-3-525-36944-9</subfield>
    </datafield>
    <datafield tag="035" ind1=" " ind2=" ">
      <subfield code="a">T010787216</subfield>
    </datafield>
    <datafield tag="040" ind1=" " ind2=" ">
      <subfield code="a">DE-380</subfield>
    </datafield>
    <datafield tag="044" ind1=" " ind2=" ">
      <subfield code="a">gw</subfield>
      <subfield code="c">DE</subfield>
    </datafield>
    <datafield tag="090" ind1=" " ind2=" ">
      <subfield code="h">_</subfield>
    </datafield>
    <datafield tag="110" ind1="2" ind2=" ">
      <subfield code="a">Simon-Dubnow-Institut für Jüdische Geschichte und Kultur</subfield>
    </datafield>
    <datafield tag="245" ind1="0" ind2="0">
      <subfield code="a">Jahrbuch des Simon-Dubnow-Instituts / 14, 2015</subfield>
      <subfield code="b">Simon Dubnow Institute yearbook</subfield>
      <subfield code="c">[Hrsg.: Raphael Gross]</subfield>
    </datafield>
    <datafield tag="260" ind1=" " ind2=" ">
      <subfield code="a">Göttingen</subfield>
      <subfield code="b">Vandenhoeck &amp; Ruprecht</subfield>
      <subfield code="c">2015</subfield>
    </datafield>
    <datafield tag="300" ind1=" " ind2=" ">
      <subfield code="a">527 S.</subfield>
      <subfield code="b">Ill.</subfield>
    </datafield>
    <datafield tag="500" ind1=" " ind2=" ">
      <subfield code="a">Germania Judaica</subfield>
    </datafield>
    <datafield tag="546" ind1=" " ind2=" ">
      <subfield code="a">Beitr. teilw. dt., teilw. engl.</subfield>
    </datafield>
    <datafield tag="648" ind1=" " ind2="4">
      <subfield code="a">Geschichte</subfield>
    </datafield>
    <datafield tag="651" ind1=" " ind2="4">
      <subfield code="a">Juden</subfield>
    </datafield>
    <datafield tag="655" ind1=" " ind2="4">
      <subfield code="a">Aufsatzsammlung</subfield>
    </datafield>
    <datafield tag="689" ind1="0" ind2="0">
      <subfield code="A">g</subfield>
      <subfield code="a">Juden</subfield>
    </datafield>
    <datafield tag="689" ind1="0" ind2="1">
      <subfield code="A">z</subfield>
      <subfield code="a">Geschichte</subfield>
    </datafield>
    <datafield tag="689" ind1="0" ind2="2">
      <subfield code="A">f</subfield>
      <subfield code="a">Aufsatzsammlung</subfield>
    </datafield>
    <datafield tag="700" ind1="1" ind2=" ">
      <subfield code="a">Gross, Raphael &lt;[Hrsg.]&gt;</subfield>
    </datafield>
    <datafield tag="852" ind1=" " ind2=" ">
      <subfield code="c">*GJ* Aa/JAH</subfield>
    </datafield>
    <datafield tag="996" ind1=" " ind2=" ">
      <subfield code=" ">m     DEa 27  </subfield>
    </datafield>
    <datafield tag="997" ind1=" " ind2=" ">
      <subfield code="a">978-3-525-36944-9</subfield>
    </datafield>
  </record>