
  <record format="MARC21" type="Bibliographic">
    <leader>00000nhm  2200000|| 4001</leader>
    <controlfield tag="001">1160234</controlfield>
    <controlfield tag="007">tu ||||||||||||||||||||</controlfield>
    <controlfield tag="008">160105|2007|||||||||||||||||||||||||||||</controlfield>
    <datafield tag="020" ind1=" " ind2=" ">
      <subfield code="a">9783938414453</subfield>
      <subfield code="9">978-3-938414-45-3</subfield>
    </datafield>
    <datafield tag="100" ind1="1" ind2=" ">
      <subfield code="a">Fischer, Anna</subfield>
    </datafield>
    <datafield tag="245" ind1="1" ind2="0">
      <subfield code="a">Erzwungener Freitod</subfield>
      <subfield code="b">Spuren und Zeugnisse in den Freitod getriebener Juden der Jahre 1938 - 1945 in Berlin</subfield>
      <subfield code="c">Anna Fischer. Mit Beitr. von Joel Berger ... Stiftung Neue Synagoge Berlin - Centrum Judaicum</subfield>
    </datafield>
    <datafield tag="250" ind1=" " ind2=" ">
      <subfield code="a">1. Aufl.</subfield>
    </datafield>
    <datafield tag="260" ind1="3" ind2=" ">
      <subfield code="a">Berlin</subfield>
      <subfield code="b">text.verl.</subfield>
      <subfield code="c">2007</subfield>
    </datafield>
    <datafield tag="500" ind1=" " ind2=" ">
      <subfield code="a">Germania Judaica</subfield>
    </datafield>
    <datafield tag="700" ind1="1" ind2=" ">
      <subfield code="a">Berger, Joel</subfield>
    </datafield>
    <datafield tag="710" ind1="1" ind2=" ">
      <subfield code="a">Stiftung Neue Synagoge Berlin - Centrum Iudaicum</subfield>
    </datafield>
    <datafield tag="852" ind1=" " ind2=" ">
      <subfield code="c">*GJ* DLa/BER 1:251</subfield>
    </datafield>
  </record>