
  <record format="MARC21" type="Bibliographic">
    <leader>00000nhm  2200000|| 4001</leader>
    <controlfield tag="001">1160249</controlfield>
    <controlfield tag="007">tu ||||||||||||||||||||</controlfield>
    <controlfield tag="008">160105|2015|||||||||||||||||||||||||||||</controlfield>
    <datafield tag="020" ind1=" " ind2=" ">
      <subfield code="a">9783942240185</subfield>
      <subfield code="9">978-3-942240-18-5</subfield>
    </datafield>
    <datafield tag="245" ind1="1" ind2="0">
      <subfield code="a">Tiergartenstrasse 4</subfield>
      <subfield code="b">Gedenk- und Informationsort für die Opfer der Nationalsozialistischen "Euthanasie"-Morde</subfield>
      <subfield code="c">[Hrsg. von] Stiftung Denkmal für die ermordeten Juden Europas. [Red.: Uwe Neumärker. Mithrsg. und erarb. von Christof Beyer ...]</subfield>
    </datafield>
    <datafield tag="250" ind1=" " ind2=" ">
      <subfield code="a">1. Aufl.</subfield>
    </datafield>
    <datafield tag="260" ind1="3" ind2=" ">
      <subfield code="a">Berlin</subfield>
      <subfield code="b">Stiftung Denkmal für die ermordeten Juden Europas</subfield>
      <subfield code="c">2015</subfield>
    </datafield>
    <datafield tag="300" ind1=" " ind2=" ">
      <subfield code="a">134 S.</subfield>
      <subfield code="b">zahlr. Ill., Kt.</subfield>
    </datafield>
    <datafield tag="500" ind1=" " ind2=" ">
      <subfield code="a">Germania Judaica</subfield>
    </datafield>
    <datafield tag="700" ind1="1" ind2=" ">
      <subfield code="a">Neumärker, Uwe &lt;[Red.]&gt;</subfield>
    </datafield>
    <datafield tag="700" ind1="1" ind2=" ">
      <subfield code="a">Beyer, Christof</subfield>
    </datafield>
    <datafield tag="710" ind1="1" ind2=" ">
      <subfield code="a">Stiftung Denkmal für die Ermordeten Juden Europas</subfield>
    </datafield>
    <datafield tag="852" ind1=" " ind2=" ">
      <subfield code="c">*GJ* Tcm4/TIE</subfield>
    </datafield>
  </record>