
  <record format="MARC21" type="Bibliographic">
    <leader>00000nhm  2200000|| 4001</leader>
    <controlfield tag="001">1160289</controlfield>
    <controlfield tag="008">160106s                            DEU d</controlfield>
    <datafield tag="020" ind1=" " ind2=" ">
      <subfield code="a">978 3 12733601 6 :</subfield>
      <subfield code="c">28.95</subfield>
    </datafield>
    <datafield tag="041" ind1=" " ind2=" ">
      <subfield code="a">DEU</subfield>
      <subfield code="h">DEU</subfield>
    </datafield>
    <datafield tag="245" ind1="0" ind2="0">
      <subfield code="a">Lambacher Schweizer berufliches Gymnasium 11.Klasse</subfield>
    </datafield>
  </record>