
  <record format="MARC21" type="Bibliographic">
    <leader>00000nhm  2200000|| 4001</leader>
    <controlfield tag="001">1160329ALS01160329</controlfield>
    <controlfield tag="007">tu ||||||||||||||||||||</controlfield>
    <controlfield tag="008">160106|2015||||||||||||</controlfield>
    <datafield tag="110" ind1="1" ind2=" ">
      <subfield code="a">Nationalfonds der Republik Österreich für Opfer des Nationalsozialismus</subfield>
    </datafield>
    <datafield tag="245" ind1="1" ind2="0">
      <subfield code="a">20 Jahre Nationalfonds der Republik Österreich für Opfer des Nationalsozialismus</subfield>
      <subfield code="c">[Red.leitung und Gesamtkoord.: Renate S. Meissner]</subfield>
    </datafield>
    <datafield tag="260" ind1="3" ind2=" ">
      <subfield code="a">Wien</subfield>
      <subfield code="b">Nationalfonds der Republik Österreich für die Opfer des Nationalsozialismus</subfield>
      <subfield code="c">2015</subfield>
    </datafield>
    <datafield tag="300" ind1=" " ind2=" ">
      <subfield code="a">144 S.</subfield>
      <subfield code="b">Ill.</subfield>
    </datafield>
    <datafield tag="500" ind1=" " ind2=" ">
      <subfield code="a">Germania Judaica 2 Ex.</subfield>
    </datafield>
    <datafield tag="700" ind1="1" ind2=" ">
      <subfield code="a">Meissner, Renate S.</subfield>
    </datafield>
    <datafield tag="852" ind1=" " ind2=" ">
      <subfield code="c">*GJ* Tcm4/NAT</subfield>
    </datafield>
  </record>