
  <record format="MARC21" type="Bibliographic">
    <leader>00000nhm  2200000|| 4001</leader>
    <controlfield tag="001">1160333ALS1846654093</controlfield>
    <controlfield tag="007">tu ||||||||||||||||||||</controlfield>
    <controlfield tag="008">160106|[2013]||||||||||</controlfield>
    <datafield tag="245" ind1="1" ind2="0">
      <subfield code="a">Verbrannte Bücher</subfield>
      <subfield code="b">von den Nazis verfemte Schriftsteller ; [diese Publikation ist die schriftliche Widergabe der Sonderausstellung im Jahre 2012 am Denkmal für die ermordeten Juden Europas in Berlin] = Burned books: ostracized writers in Nazi Germany</subfield>
      <subfield code="c">Förderkreis Denkmal für die ermordeten Juden Europas e.V. Texte: Volker Weidermann</subfield>
    </datafield>
    <datafield tag="260" ind1="3" ind2=" ">
      <subfield code="a">[Berlin]</subfield>
      <subfield code="b">Förderkreis</subfield>
      <subfield code="c">[2013]</subfield>
    </datafield>
    <datafield tag="300" ind1=" " ind2=" ">
      <subfield code="a">53 S.</subfield>
      <subfield code="b">Ill.</subfield>
    </datafield>
    <datafield tag="490" ind1="1" ind2=" ">
      <subfield code="a">Schriftenreihe des Förderkreis Denkmal für die ermordeten Juden Europas e.V.</subfield>
      <subfield code="v">2</subfield>
    </datafield>
    <datafield tag="500" ind1=" " ind2=" ">
      <subfield code="a">Germania Judaica</subfield>
    </datafield>
    <datafield tag="546" ind1=" " ind2=" ">
      <subfield code="a">Text dt. und engl.</subfield>
    </datafield>
    <datafield tag="700" ind1="1" ind2=" ">
      <subfield code="a">Weidermann, Volker</subfield>
    </datafield>
    <datafield tag="710" ind1="1" ind2=" ">
      <subfield code="a">Stiftung Denkmal für die Ermordeten Juden Europas</subfield>
    </datafield>
    <datafield tag="852" ind1=" " ind2=" ">
      <subfield code="c">*GJ* Pa2.1/BUE</subfield>
    </datafield>
  </record>