
  <record format="MARC21" type="Bibliographic">
    <leader>00000nhm  2200000|| 4001</leader>
    <controlfield tag="001">1160334</controlfield>
    <controlfield tag="007">tu ||||||||||||||||||||</controlfield>
    <controlfield tag="008">160106|2013||||||||||||</controlfield>
    <datafield tag="020" ind1=" " ind2=" ">
      <subfield code="a">0954251857</subfield>
      <subfield code="9">0-9542518-5-7</subfield>
    </datafield>
    <datafield tag="100" ind1="1" ind2=" ">
      <subfield code="a">Surminski, Arno</subfield>
    </datafield>
    <datafield tag="245" ind1="1" ind2="0">
      <subfield code="a">Last Train to Königsberg</subfield>
      <subfield code="b">a valediction</subfield>
      <subfield code="c">by Arno Surminski. Stories transl. by Stephen Cameron Jalil Nicholls with an epilogue by Arno Surminski </subfield>
    </datafield>
    <datafield tag="260" ind1="3" ind2=" ">
      <subfield code="a">Burgess Hill</subfield>
      <subfield code="b">Pomeramia</subfield>
      <subfield code="c">2013</subfield>
    </datafield>
    <datafield tag="300" ind1=" " ind2=" ">
      <subfield code="a">41 S.</subfield>
      <subfield code="b">Ill., Kt.</subfield>
    </datafield>
    <datafield tag="500" ind1=" " ind2=" ">
      <subfield code="a">Germania Judaica</subfield>
    </datafield>
    <datafield tag="501" ind1=" " ind2=" ">
      <subfield code="a">Enth. ausserdem: Siegfried Silberstein - a fate that leaves us shatteres: an epithaph for northern East Prusia / by Hans Dzieran</subfield>
    </datafield>
    <datafield tag="700" ind1="1" ind2=" ">
      <subfield code="a">Dzieran, Hans</subfield>
    </datafield>
    <datafield tag="700" ind1="1" ind2=" ">
      <subfield code="a">Nicholls, Stephen C. J.</subfield>
    </datafield>
    <datafield tag="852" ind1=" " ind2=" ">
      <subfield code="c">*GJ* DL/PRE 1:68</subfield>
    </datafield>
  </record>