
  <record format="MARC21" type="Bibliographic">
    <leader>00000num  2200000|| 4001</leader>
    <controlfield tag="001">1160338ALS01160338</controlfield>
    <controlfield tag="007">tu ||||||||||||||||||||</controlfield>
    <controlfield tag="008">150508|||||||||||||||||</controlfield>
    <datafield tag="245" ind1="1" ind2="0">
      <subfield code="a">Wina / Jg. 4. Dez.-Jan. 2015, Nr. 12</subfield>
      <subfield code="b">das jüdische Stadtmagazin</subfield>
      <subfield code="n">12</subfield>
    </datafield>
    <datafield tag="260" ind1="3" ind2=" ">
      <subfield code="c">2015</subfield>
    </datafield>
    <datafield tag="300" ind1=" " ind2=" ">
      <subfield code="a">64 S.</subfield>
      <subfield code="b">zahlr. Ill.</subfield>
    </datafield>
    <datafield tag="500" ind1=" " ind2=" ">
      <subfield code="a">Germania Judaica</subfield>
    </datafield>
    <datafield tag="773" ind1="0" ind2="8">
      <subfield code="w">1133491</subfield>
    </datafield>
    <datafield tag="852" ind1=" " ind2=" ">
      <subfield code="c">*GJ* Z/WINA</subfield>
    </datafield>
    <datafield tag="990" ind1=" " ind2=" ">
      <subfield code="a">nicht entleihbar</subfield>
    </datafield>
  </record>