
  <record format="MARC21" type="Bibliographic">
    <leader>00000num  2200000|| 450 </leader>
    <controlfield tag="001">1160371</controlfield>
    <controlfield tag="003">DE-380</controlfield>
    <controlfield tag="005">20140719233715.0</controlfield>
    <controlfield tag="007">tu ||||||||||||||||||||</controlfield>
    <controlfield tag="008">130627|2013||||||||||||</controlfield>
    <datafield tag="035" ind1=" " ind2=" ">
      <subfield code="a">T010603081</subfield>
    </datafield>
    <datafield tag="040" ind1=" " ind2=" ">
      <subfield code="a">DE-380</subfield>
    </datafield>
    <datafield tag="041" ind1=" " ind2=" ">
      <subfield code="a">ger</subfield>
    </datafield>
    <datafield tag="090" ind1=" " ind2=" ">
      <subfield code="g">_</subfield>
    </datafield>
    <datafield tag="245" ind1="0" ind2="0">
      <subfield code="a">Gedenkstätten-Rundbrief / Jg. 6. 2015, Nr. 180</subfield>
      <subfield code="n">180</subfield>
    </datafield>
    <datafield tag="260" ind1=" " ind2=" ">
      <subfield code="c">2015</subfield>
    </datafield>
    <datafield tag="300" ind1=" " ind2=" ">
      <subfield code="a">54 S.</subfield>
      <subfield code="b">Ill.</subfield>
    </datafield>
    <datafield tag="500" ind1=" " ind2=" ">
      <subfield code="a">Germania Judaica</subfield>
    </datafield>
    <datafield tag="710" ind1="2" ind2=" ">
      <subfield code="a">Stiftung Topographie des Terrors</subfield>
    </datafield>
    <datafield tag="773" ind1="0" ind2="8">
      <subfield code="w">1051599</subfield>
    </datafield>
    <datafield tag="852" ind1=" " ind2=" ">
      <subfield code="c">*GJ* Z/GED</subfield>
    </datafield>
    <datafield tag="990" ind1=" " ind2=" ">
      <subfield code="a">nicht entleihbar</subfield>
    </datafield>
    <datafield tag="997" ind1=" " ind2=" ">
      <subfield code="a">T010603081</subfield>
    </datafield>
    <datafield tag="998" ind1=" " ind2=" ">
      <subfield code="w">051599</subfield>
    </datafield>
  </record>