
  <record format="MARC21" type="Bibliographic">
    <leader>00000nhm  2200000|| 450 </leader>
    <controlfield tag="001">1160423</controlfield>
    <controlfield tag="003">DE-380</controlfield>
    <controlfield tag="005">20140719214459.0</controlfield>
    <controlfield tag="007">tu ||||||||||||||||||||</controlfield>
    <controlfield tag="008">140502|2014||||gw |||||</controlfield>
    <datafield tag="015" ind1=" " ind2=" ">
      <subfield code="a">14,N17</subfield>
      <subfield code="2">dnb</subfield>
    </datafield>
    <datafield tag="016" ind1="7" ind2=" ">
      <subfield code="a">1050043642</subfield>
      <subfield code="2">DE-101</subfield>
    </datafield>
    <datafield tag="020" ind1=" " ind2=" ">
      <subfield code="a">9783837509809</subfield>
      <subfield code="c">Pb. : ca. EUR 22.95</subfield>
      <subfield code="9">978-3-8375-0980-9</subfield>
    </datafield>
    <datafield tag="020" ind1=" " ind2=" ">
      <subfield code="a">383750980X</subfield>
      <subfield code="9">3-8375-0980-X</subfield>
    </datafield>
    <datafield tag="035" ind1=" " ind2=" ">
      <subfield code="a">T02432282X</subfield>
    </datafield>
    <datafield tag="040" ind1=" " ind2=" ">
      <subfield code="a">DE-380</subfield>
    </datafield>
    <datafield tag="041" ind1=" " ind2=" ">
      <subfield code="a">ger</subfield>
    </datafield>
    <datafield tag="044" ind1=" " ind2=" ">
      <subfield code="a">gw</subfield>
      <subfield code="c">DE</subfield>
    </datafield>
    <datafield tag="090" ind1=" " ind2=" ">
      <subfield code="a">_</subfield>
      <subfield code="g">_</subfield>
    </datafield>
    <datafield tag="099" ind1="1" ind2=" ">
      <subfield code="a">20140428</subfield>
    </datafield>
    <datafield tag="100" ind1="1" ind2=" ">
      <subfield code="a">Fulbrook, Mary</subfield>
    </datafield>
    <datafield tag="245" ind1="0" ind2="0">
      <subfield code="a">&lt;Eine> kleine Stadt bei Auschwitz</subfield>
      <subfield code="b">gewöhnliche Nazis und der Holocaust</subfield>
      <subfield code="c">Mary Fulbrook. Aus dem Engl. von Eva Eckinger</subfield>
    </datafield>
    <datafield tag="250" ind1=" " ind2=" ">
      <subfield code="a">1. Aufl.</subfield>
    </datafield>
    <datafield tag="260" ind1=" " ind2=" ">
      <subfield code="a">Essen</subfield>
      <subfield code="b">Klartext-Verl.</subfield>
      <subfield code="c">2015</subfield>
    </datafield>
    <datafield tag="300" ind1=" " ind2=" ">
      <subfield code="a">490 S.</subfield>
      <subfield code="b">Ill.</subfield>
    </datafield>
    <datafield tag="490" ind1="1" ind2=" ">
      <subfield code="a">Rheinprovinz : Dokumente und Darstellungen zur Geschichte der rheinischen Provinzialverwaltung und des Landschaftsverbandes Rheinland</subfield>
      <subfield code="v">23</subfield>
    </datafield>
    <datafield tag="500" ind1=" " ind2=" ">
      <subfield code="a">Germania Judaica</subfield>
    </datafield>
    <datafield tag="700" ind1="1" ind2=" ">
      <subfield code="a">Eckinger, Eva &lt;[Übers.]&gt;</subfield>
    </datafield>
    <datafield tag="730" ind1="0" ind2=" ">
      <subfield code="a">A small town near Auschwitz: ordinary Nazis and the Holocaust</subfield>
      <subfield code="g">dt.</subfield>
    </datafield>
    <datafield tag="852" ind1=" " ind2=" ">
      <subfield code="c">*GJ* Q4/FUL</subfield>
    </datafield>
    <datafield tag="856" ind1="4" ind2=" ">
      <subfield code="m">X:MVB</subfield>
      <subfield code="q">text/html</subfield>
      <subfield code="u">http://deposit.d-nb.de/cgi-bin/dokserv?id=4636103&amp;prov=M&amp;dok_var=1&amp;dok_ext=htm</subfield>
      <subfield code="3">Inhaltstext</subfield>
    </datafield>
    <datafield tag="997" ind1=" " ind2=" ">
      <subfield code="a">1050043642</subfield>
    </datafield>
  </record>