
  <record format="MARC21" type="Bibliographic">
    <leader>00000num  2200000|| 450 </leader>
    <controlfield tag="001">1160453</controlfield>
    <controlfield tag="003">DE-380</controlfield>
    <controlfield tag="005">20140719233719.0</controlfield>
    <controlfield tag="007">tu ||||||||||||||||||||</controlfield>
    <controlfield tag="008">140123|2013||||||||||||</controlfield>
    <datafield tag="020" ind1=" " ind2=" ">
      <subfield code="a">9783476025067</subfield>
      <subfield code="c">Gewebe</subfield>
      <subfield code="9">978-3-476-02506-7</subfield>
    </datafield>
    <datafield tag="035" ind1=" " ind2=" ">
      <subfield code="a">T010825191</subfield>
    </datafield>
    <datafield tag="040" ind1=" " ind2=" ">
      <subfield code="a">DE-380</subfield>
    </datafield>
    <datafield tag="041" ind1=" " ind2=" ">
      <subfield code="a">ger</subfield>
    </datafield>
    <datafield tag="090" ind1=" " ind2=" ">
      <subfield code="g">_</subfield>
    </datafield>
    <datafield tag="245" ind1="0" ind2="0">
      <subfield code="a">Ta - Z</subfield>
      <subfield code="n">Bd. 6.</subfield>
    </datafield>
    <datafield tag="260" ind1=" " ind2=" ">
      <subfield code="c">2015</subfield>
    </datafield>
    <datafield tag="300" ind1=" " ind2=" ">
      <subfield code="a">XVII, 588 S.</subfield>
      <subfield code="b">Ill., Kt.</subfield>
    </datafield>
    <datafield tag="500" ind1=" " ind2=" ">
      <subfield code="a">Germania Judaica</subfield>
    </datafield>
    <datafield tag="773" ind1="0" ind2="8">
      <subfield code="w">1015781</subfield>
    </datafield>
    <datafield tag="852" ind1=" " ind2=" ">
      <subfield code="c">*GJ* Aa/ENZ</subfield>
    </datafield>
    <datafield tag="997" ind1=" " ind2=" ">
      <subfield code="a">978-3-476025-04-3</subfield>
    </datafield>
    <datafield tag="998" ind1=" " ind2=" ">
      <subfield code="w">-3-476025-00-5</subfield>
    </datafield>
  </record>
</collection>